3194 5074
326 431 376 498 26

324 641 438 701 unctor
475 656 545 701 eum
577 635 766 718 philosopho
803 637 936 718 habeat,
970 637 1115 702 Zellerus
1149 635 1283 719 (Philos.
1307 635 1367 716 III,
1394 630 1442 716 1³,

323 765 354 824 p.
391 750 453 808 647
491 743 558 828 au.)
601 743 652 808 his
693 743 803 809 verbis
848 743 1012 808 enuntiat:
1061 744 1126 829 „Es
1165 742 1209 808 ist
1245 742 1306 806 mir
1342 742 1444 807 daher

324 849 604 931 wuhnscheinlioh,
641 850 717 916 dass
750 870 785 916 es
818 849 961 915 dieselbe
995 849 1118 916 schrift
1151 849 1208 914 des
1240 848 1441 930 Posidonius,

324 956 412 1022 suine
439 958 692 1040 μετεωρολογικὴ
722 960 920 1040 στοιχείωσις,
949 957 1005 1039 ist,
1031 975 1089 1023 ans
1120 957 1219 1022 deren
1248 961 1357 1021 ersten
1380 955 1443 1020 Ab·

323 1044 487 1129 selinitten
522 1064 662 1129 Stobdus
700 1063 745 1148 (d.
779 1065 811 1128 h.
845 1064 942 1129 nnius
975 1061 1147 1147 Didymus)
1180 1062 1274 1128 einen
1312 1062 1443 1144 Auszug

323 1171 422 1253 giebt,
458 1171 523 1237 und
559 1172 681 1238 welche
718 1171 776 1236 der
808 1171 982 1236 Verfasser
1017 1172 1074 1235 des
1109 1171 1217 1236 Buehs
1250 1195 1283 1234 π.
1315 1171 1439 1253 κόσμου

322 1278 424 1342 ihrem
463 1299 591 1361 gaunon
628 1279 770 1360 Uinfung
808 1280 891 1344 nach
931 1281 1068 1343 heniitzi
1105 1279 1178 1361 σοις
1216 1277 1249 1342 in
1288 1277 1438 1342 welchein

322 1385 418 1450 Folle
454 1385 540 1450 daun
574 1385 702 1450 fneilioh
738 1405 800 1451 von
836 1386 930 1450 ollem
968 1385 1040 1450 dem
1073 1384 1213 1466 Wissen,
1247 1384 1307 1449 das
1340 1403 1375 1448 er
1409 1383 1440 1448 in

323 1512 348 1556 ο.
376 1499 462 1556 2-4
486 1493 664 1575 τοιούτοισι,
696 1492 787 1558 nieht
811 1492 877 1559 viel
910 1492 969 1557 suf
997 1492 1087 1558 seine
1120 1491 1235 1574 eigene
1262 1491 1441 1573 Reehnung

322 1619 362 1664 zu
386 1603 498 1664 sennen
522 1599 590 1665 sein
616 1599 727 1665 wi1·d.“

411 1706 577 1772 Posidonii
618 1707 677 1772 illa
716 1709 969 1790 μετεωρολογικὴ
1008 1709 1196 1790 στοιχείωσις
1236 1726 1255 1772 a
1295 1706 1440 1790 Diogene

323 1815 446 1879 duobus
469 1814 549 1880 loeis
572 1815 735 1879 laudatur.

411 1923 483 2002 VII,
511 1927 586 1986 138:
613 1922 676 2002 ‚nai
699 1924 762 1984 ἔστι
785 1922 906 2003 κόσμος
931 1971 937 1985 .
964 1973 970 1986 .
998 1973 1003 1986 .
1036 1924 1098 1999 (ὥς
1122 1947 1200 2004 φησι
1224 1921 1441 1991 Ποσειδώνιος

231 2027 235 2036 ’
323 2031 356 2091 ἐν
387 2037 425 2112 τῇ
456 2031 710 2112 μετεωρολογικῇ
744 2029 943 2111 στοιχειώσει)
977 2030 1118 2113 σύστημα
1150 2031 1184 2102 ἒξ
1214 2031 1356 2111 ούρανοῦ
1388 2029 1440 2091 καὶ

323 2143 379 2217 γῆς
410 2136 462 2198 καὶ
493 2142 556 2198 τῶν
589 2138 622 2199 ἐν
653 2137 774 2206 τούτοις
806 2137 939 2218 φύσεων
955 2140 995 2219 ἢ
1030 2138 1171 2219 σύστημα
1204 2138 1239 2200 ἐκ
1272 2137 1360 2198 θεῶν
1388 2135 1440 2198 καὶ

323 2243 511 2322 ἀνθρώπων
552 2244 605 2306 καὶ
645 2250 709 2306 τῶν
751 2246 841 2306 ἕνεκα
880 2246 1000 2308 τούτων
1043 2245 1236 2326 γεγονότων.ι
1298 2243 1440 2307 Easdem

324 2347 529 2414 definitiones
566 2348 747 2415 invenimus
790 2351 876 2430 apud
913 2350 1070 2414 Achillen]
1111 2370 1181 2430 σοι).
1223 2357 1241 2412 5
1281 2355 1315 2413 et
1350 2348 1439 2414 stou.

324 2456 381 2519 eol.
406 2456 432 2536 1,
459 2460 522 2520 184
546 2457 609 2538 W„
636 2457 675 2520 de
701 2475 761 2536 quo
785 2458 855 2522 loeo
880 2477 980 2538 supro
1004 2457 1071 2523 dixi
1094 2478 1125 2538 p.
1153 2461 1193 2521 14
1217 2476 1263 2536 sq.

412 2563 484 2645 vn,
513 2569 574 2629 152
607 2563 759 2629 discimus
787 2563 883 2646 idem,
909 2565 993 2644 quod
1022 2564 1196 2630 seeundum
1220 2563 1441 2629 Alexandrum

323 2670 609 2751 Aphrodisiensem
629 2671 784 2737 Geminus
808 2676 973 2737 statuerat
996 2675 1144 2754 ,ἔμφασιν
1167 2672 1241 2735 εἶναι
1264 2672 1319 2754 τὴν
1342 2669 1439 2754 inoff.

411 2780 560 2859 Apparet
603 2785 771 2859 [urumque
818 2779 920 2843 locuni
967 2798 1037 2842 euin
1085 2779 1127 2842 ad
1172 2779 1442 2862 μετεωρολογικὴν

322 2888 524 2968 στοιχείωσιν,
555 2890 622 2950 inin
651 2887 693 2950 nd
721 2905 801 2967 0an
828 2885 901 2966 περὶ
922 2885 1098 2966 μετεώρων
1127 2885 1333 2950 referendum
1357 2905 1440 2950 esse.

322 2993 373 3056 Ex
397 2992 452 3056 illo
475 2993 558 3056 libro
583 3013 622 3056 en
652 3013 776 3072 quoque
805 2990 994 3072 provenisse
1018 2989 1161 3056 Βοιιίσε2
1185 2993 1332 3074 coniecit,
1357 3012 1440 3072 quae

320 3098 416 3180 Diog.
440 3099 552 3163 Luert.
579 3099 651 3181 VH,
679 3104 750 3181 154,
784 3100 853 3163 loeo
878 3118 1010 3179 prorsus
1041 3100 1232 3183 depravato,
1268 3102 1307 3165 de
1331 3105 1441 3166 terrae

321 3210 409 3269 motu
439 3205 527 3288 dicit,
554 3225 646 3286 quein
672 3206 762 3272 venti
791 3206 824 3270 in
854 3212 944 3270 tenu
967 3206 1084 3271 inclusi
1108 3205 1284 3271 efficerent.
1332 3206 1439 3292 (codd.

321 3313 410 3375 κσύὰ
442 3313 658 3385 Ποσειδώνιός
689 3339 768 3397 φησι
800 3316 832 3377 ἒν
863 3322 900 3397 τῇ
925 3316 959 3396 ἧς
989 3311 1127 3378 Bakius:
1157 3315 1190 3376 ἒν
1217 3322 1254 3398 τῇ
1282 3340 1439 3397 μετεωρο-

319 3420 455 3503 λογικῇ).
501 3421 645 3486 Achilles
669 3422 709 3486 de
733 3423 795 3486 hae
818 3441 854 3486 re
879 3420 958 3485 nihil
982 3421 1091 3484 iuben.
1140 3421 1205 3486 Sed
1228 3441 1291 3487 non
1316 3421 1440 3504 dubito,

322 3526 397 3606 quin
433 3527 628 3594 Posidonius
663 3548 702 3592 eu
739 3528 814 3592 libri
851 3529 922 3609 περὶ
957 3529 1129 3610 μετεώρων
1166 3533 1271 3610 parte,
1310 3548 1373 3608 qua
1406 3534 1442 3594 et

320 3634 446 3713 reliqua
484 3636 640 3700 menarsia
672 3640 706 3699 et
738 3640 853 3700 ventos
887 3635 1065 3717 noctabat,
1100 3640 1210 3702 ternae
1242 3642 1347 3701 motus
1377 3657 1442 3702 non

322 3738 494 3806 omiserit3.

411 3847 502 3930 Quae
526 3867 594 3912 oum
625 3847 672 3912 ita
703 3847 778 3930 sinn,
803 3867 903 3930 prope
929 3847 1089 3915 oredimus
1113 3869 1208 3914 unum
1232 3857 1330 3930 atque
1353 3851 1441 3918 idem

320 3952 487 4019 Posidonii
511 3973 590 4036 opus
615 3956 736 4021 duobus
759 3954 1023 4038 inscriptionibus
1047 3957 1214 4022 laudatum
1240 3977 1320 4023 esse.
1355 3957 1443 4040 Quid

321 4063 440 4142 obstet,
473 4066 509 4126 ut
541 4062 602 4126 hoe
633 4066 825 4146 statuemus,
860 4063 1006 4128 Blassius
1040 4063 1173 4144 exponit
1205 4065 1225 4128 l.
1259 4065 1279 4129 l.
1318 4085 1348 4146 p.
1384 4072 1442 4132 ll:

411 4183 478 4274 1οι.
498 4182 523 4287 s}
545 4223 588 4274 οι.

410 4309 421 4340 ⁹
439 4309 456 4364 l.
475 4309 494 4362 l.
512 4325 538 4376 p.
558 4311 600 4363 83.

411 4399 475 4453 ³of.
494 4415 519 4466 p.
539 4401 581 4452 38.
