3194 5074
324 449 372 517 28

321 652 459 720 vidimus
483 676 513 737 p.
538 661 587 720 13.
636 654 738 720 Simili
763 655 943 720 elocutione
968 659 1067 734 atque
1093 673 1270 737 anonymus
1289 653 1445 719 Manilius

322 761 400 826 locis
425 762 585 827 nonnullis
615 761 727 842 utitur,
758 761 861 844 quil,
887 768 927 825 97
955 762 995 826 de
1019 761 1159 842 ,ratione
1184 763 1309 826 caelum
1334 780 1446 826 ascen-

323 867 430 932 dente‘
455 867 597 948 loquitur
621 873 655 933 et
677 868 703 950 I,
731 873 771 932 14
795 886 842 947 sq,
867 869 949 933 haec
973 866 1069 932 dicit:

685 1011 692 1024 ·
731 977 867 1054 ,tanturn
892 972 998 1039 iuvat:
1024 972 1072 1038 ire
1097 993 1155 1054 per
1178 971 1282 1054 ipsum

429 1081 518 1145 Adra
542 1084 576 1145 et
598 1079 752 1145 immenso
777 1079 975 1162 spatiantem
999 1079 1111 1146 vivere
1135 1081 1225 1145 caelo

430 1187 593 1270 Signaque
618 1191 652 1252 et
676 1187 831 1252 adversos
855 1187 1023 1252 stellarum
1048 1205 1181 1251 noscere
1206 1185 1356 1252 cursus.‘¹

413 1293 581 1375 Capitibus
602 1299 672 1358 tet
693 1299 710 1358 3
731 1293 841 1358 mundi
861 1294 1023 1358 elemento
1042 1293 1216 1358 secundom
1235 1292 1444 1358 Posidonium

324 1399 560 1465 describuntur.
625 1400 706 1464 Nam
749 1399 867 1464 similia
911 1409 1001 1481 sumt,
1045 1419 1128 1480 quae
1174 1399 1311 1482 legimus
1357 1401 1444 1480 apud

324 1506 491 1571 llanilium
520 1512 554 1572 et
582 1507 742 1572 Achillem
773 1513 807 1572 et
837 1507 925 1588 apud
958 1507 1133 1572 Stobaeum
1163 1507 1234 1571 loco
1258 1506 1324 1588 illo,
1350 1525 1442 1586 quiem

324 1632 422 1695 supra
445 1610 606 1679 laudavi².
651 1613 716 1678 Sed
739 1612 906 1678 Posidonii
931 1612 1113 1678 sententias
1137 1613 1306 1678 nonnullas
1331 1618 1443 1678 auctor

323 1719 372 1783 ita
383 1719 577 1800 immutavit,
589 1724 625 1784 ut
637 1719 679 1784 ad
689 1719 879 1785 Aristotelis
889 1719 1071 1785 doctrinam
1085 1738 1142 1784 eas
1154 1715 1443 1784 accommodaretl.

323 1827 423 1892 Velut
456 1827 489 1891 in
520 1827 589 1892 eius
618 1825 815 1891 definitionis
842 1827 956 1908 locum,
986 1827 1159 1891 secundum
1190 1846 1283 1906 quarn
1312 1827 1443 1909 ,κόσμος

324 1935 402 1998 ἐστὶν
431 1936 449 1997 ὁ
478 1935 696 2017 διακοσμήσας
722 1935 759 1996 τὰ
787 1937 910 2008 πάντα,
934 1935 1018 1999 hano
1049 1933 1233 2000 substituit:
1259 1935 1385 2016 ,λέγεται
1409 1935 1443 1998 δὲ

324 2041 377 2104 καὶ
409 2043 526 2123 ἑτέραις
557 2042 680 2123 κόσμος
711 2043 730 2124 ἡ
762 2047 826 2105 τῶν
855 2042 942 2105 ὅλων
972 2043 1057 2114 τάξις
1085 2066 1118 2104 τε
1145 2042 1199 2104 καὶ
1229 2041 1442 2123 διακόσμησις,

323 2148 386 2211 ὑπὸ
409 2150 497 2212 θεῶν
520 2173 551 2211 τε
574 2149 626 2211 καὶ
651 2148 700 2211 διὰ
724 2149 810 2212 θεῶν
834 2149 1062 2231 φυλαττομένη(
1079 2186 1121 2193 -
1141 2147 1210 2213 Sine
1235 2147 1342 2229 dubis,
1367 2147 1442 2228 quia

324 2253 520 2319 Aristoteles
552 2254 703 2320 mundum
737 2255 861 2337 origine
897 2273 1011 2319 carere
1045 2251 1280 2322 iudicaverat
1337 2255 1443 2334 Atque

324 2363 485 2426 elementa
519 2361 657 2442 quinque
691 2381 761 2426 cum
794 2368 906 2428 vetere
937 2363 1127 2444 plrilosoplro
1156 2361 1340 2444 distinguit,
1373 2381 1442 2426 crum

324 2467 517 2534 Posidonius
540 2488 602 2533 rron
627 2468 691 2534 nisi
715 2473 870 2548 qurattuor
893 2465 1058 2550 poneret⁵.

413 2576 464 2640 Ab
487 2575 528 2641 iis
552 2576 749 2658 auctoribus
774 2596 906 2656 quorum
932 2597 972 2641 ex
996 2576 1088 2644 libris
1112 2575 1279 2642 Posidonii
1305 2576 1445 2658 descrip-

325 2683 443 2748 tionem
470 2684 575 2749 adhuc
594 2684 812 2767 cognovimus
833 2703 1010 2766 anonymus
1035 2703 1072 2748 eo
1097 2683 1215 2765 differt,
1237 2684 1321 2763 qurod
1345 2684 1445 2748 multo

325 2790 451 2871 plenius
475 2792 560 2856 hanc
583 2797 710 2873 partem
733 2797 870 2856 tractat.
914 2791 1036 2855 Narrat
1060 2791 1154 2868 enim,
1180 2790 1444 2871 quemadmodum

326 2919 385 2964 eae
426 2919 493 2981 reS,
534 2919 615 2979 quas
655 2898 800 2964 homines
842 2899 971 2979 vident,
1013 2917 1072 2978 per
1113 2897 1242 2980 singula
1284 2898 1446 2962 elementa

326 3005 521 3071 distributae
555 3005 629 3071 sint.
686 3007 757 3070 Non
790 3005 1026 3088 neglegendum
1061 3010 1111 3070 est
1144 3004 1351 3070 Posidonium
1385 3005 1446 3068 hoc

327 3167 538 3176 ——a—

416 3255 496 3308 ¹Sub
521 3255 600 3308 finem
627 3255 723 3323 eapitis
751 3257 762 3308 1
790 3253 1034 3308 Pseudaristoteles
1057 3252 1237 3305 miserandum
1263 3267 1320 3306 esse
1344 3251 1448 3306 iudicat

324 3344 451 3410 pusillum
466 3345 582 3399 animum
598 3345 663 3411 eius,
679 3345 723 3412 qui
739 3345 845 3414 singula
859 3344 926 3409 loca,
942 3350 1054 3406 montes,
1066 3340 1170 3408 oppida,
1186 3340 1284 3394 similia
1299 3341 1446 3406 describat,

324 3450 377 3487 non
397 3433 503 3488 dubium
524 3450 589 3501 esse,
609 3435 673 3502 quin
692 3435 780 3488 omnia
799 3435 865 3488 haec
884 3432 962 3486 nihili
980 3432 1092 3495 laceret,
1112 3429 1135 3482 si
1154 3431 1281 3483 mundum
1304 3430 1388 3484 multo
1412 3429 1447 3484 iis

325 3523 462 3577 meliorem
486 3524 663 3592 cognovisset.
702 3524 767 3577 Cum
794 3523 835 3576 his
863 3521 986 3575 conferre
1013 3519 1091 3572 iubeo
1116 3518 1170 3572 Cic.
1196 3519 1229 3572 de
1255 3536 1310 3586 rep.
1330 3521 1377 3584 VI,
1398 3522 1446 3572 20:

324 3614 403 3679 ,Tum
426 3613 580 3666 Africanus:
609 3611 709 3676 Sentio,
737 3611 833 3677 inquit,
862 3616 890 3663 te
922 3610 1012 3663 sedem
1042 3606 1123 3662 etiam
1149 3624 1219 3660 nunc
1253 3608 1388 3662 homiuum
1414 3625 1447 3662 ac

325 3703 429 3755 domum
446 3702 633 3768 contemplari3
648 3715 716 3767 quae
731 3699 753 3752 si
767 3699 817 3752 tibi
831 3715 922 3768 parva,
938 3706 969 3752 ut
983 3705 1032 3764 est,
1052 3697 1092 3751 ita
1106 3697 1222 3762 videtur,
1237 3698 1303 3750 haec
1318 3697 1448 3751 caelestia

325 3807 430 3859 semper
448 3797 577 3858 spectato,
597 3789 643 3842 illa
662 3790 778 3841 lnrmana
797 3788 978 3842 contemnito!
1012 3786 1167 3842 Corsseuius
1186 3787 1204 3839 l.
1218 3787 1237 3839 l.
1251 3803 1277 3854 p.
1290 3789 1325 3839 43
1343 3786 1448 3842 iudicat

324 3880 382 3934 fieri
401 3880 527 3948 potuisse,
542 3885 574 3932 ut
588 3879 681 3932 Cicero
696 3877 861 3930 Aristotelea
879 3876 934 3942 illa,
955 3894 1022 3945 quae
1037 3878 1069 3947 ξς
1085 3877 1190 3928 ίΔΟ-25
1209 3878 1320 3943 profert,
1339 3892 1393 3930 uon
1413 3877 1447 3930 ab

325 3969 382 4037 ipso
401 3968 556 4033 Aristotele,
576 3968 622 4022 sed
642 3985 658 4021 a
676 3965 819 4021 Posidonio
838 3973 964 4020 sumeret.
1136 3963 1138 3968 ’

415 4059 425 4088 ²
443 4076 468 4126 p.
490 4060 529 4111 14.
549 4074 587 4124 sq.
625 4057 695 4111 Olim
713 4056 834 4111 Zellerus
859 4062 920 4124 post
939 4056 1084 4110 Osannium
1102 4055 1360 4110 Pseudaristotelem
1386 4071 1449 4110 oum

327 4148 439 4201 Stobaeo
459 4147 573 4200 contulit
592 4147 610 4200 l.
629 4147 646 4200 l.
665 4164 682 4214 p
711 4149 762 4200 olo
781 4163 824 4200 au.

415 4236 540 4302 ³chler,
560 4254 576 4304 p
605 4239 657 4289 638
676 4253 714 4303 sq.
791 4293 793 4297 ,

416 4326 469 4394 ⁴p.
489 4328 536 4378 391
559 4327 574 4379 b
596 4329 636 4378 10.

417 4415 469 4483 lp.
488 4418 540 4468 392
559 4433 575 4468 a
594 4417 610 4468 5
630 4433 685 4482 sqq.
