3194 5074
1241 421 1285 490 11

171 632 192 695 l.
213 632 234 696 l.
254 652 284 713 p.
309 637 357 696 18.
411 631 542 696 Revera
567 631 715 712 Canopus
739 629 893 696 stellein
917 629 1059 710 Graecia
1083 628 1288 709 conspicitur,

172 740 257 818 quod
282 745 358 804 ante
382 738 590 803 Posidonium
613 738 820 820 Hipparchus
844 742 935 803 recte
959 738 1124 802 docuerat.

261 847 382 911 Versus
421 852 484 911 3¹93
523 865 570 925 sq.
608 844 716 909 media
753 844 840 909 inter
876 845 1002 909 Aratea
1039 842 1289 908 Posidonianam

172 951 353 1018 doctrinam
378 952 554 1018 continent.
597 952 697 1018 Orion

216 1061 293 1145 ,Per
316 1059 382 1124 tria
406 1049 563 1125 subducto
588 1058 737 1142 signatur
760 1058 881 1123 lumina
899 1058 1007 1139 ¹uultu,

217 1167 288 1231 Non
312 1167 396 1246 quod
420 1168 511 1232 clara
529 1166 642 1247 minuS,
664 1167 721 1230 sed
746 1165 830 1245 quod
846 1164 951 1247 magis
975 1165 1045 1228 alta
1067 1164 1245 1230 1666111111.ι

225 1331 229 1339 .
262 1273 455 1339 Posidonius
475 1274 570 1338 docet
588 1273 703 1338 stellas
722 1272 813 1355 fixas,
835 1291 969 1350 quarum
985 1289 1136 1352 suprema
1150 1272 1291 1352 sphaera

174 1387 234 1463 est,
256 1399 318 1445 uon
338 1400 447 1446 61111161
466 1381 599 1462 paribus
618 1380 803 1445 intervallis
827 1397 847 1442 a
871 1383 961 1443 terra
981 1377 1115 1460 distare,
1135 1378 1191 1443 sed
1217 1377 1291 1442 aliis

174 1487 258 1553 alias
282 1488 416 1564 altiores
440 1505 521 1552 esse.
568 1485 615 1551 cf.
639 1485 764 1551 Gemin.
790 1491 810 1550 4
834 1483 891 1550 B.l

264 1594 463 1676 Similitudo,
502 1613 585 1674 quae
624 1599 674 1658 est
716 1591 850 1657 carmini
886 1593 1033 1657 Romano
1075 1610 1145 1656 cum
1182 1590 1292 1655 libello

175 1702 312 1784 Graeco,
337 1722 398 1767 non
425 1701 539 1784 effugit
561 1701 757 1780 Lausonum,
782 1699 835 1779 qui
859 1699 971 1780 paucis
1000 1698 1118 1763 abhinc
1142 1695 1235 1761 annis
1259 1703 1293 1762 et

176 1809 217 1874 de
242 1809 314 1874 aliis
344 1810 450 1891 rebus,
475 1828 558 1888 quae
590 1809 632 1874 ad
655 1807 822 1873 Manilium
853 1807 1029 1890 pertinent,
1055 1812 1089 1871 et
1117 1806 1156 1870 de
1185 1805 1292 1870 indole

176 1916 245 1981 eius
278 1915 496 1981 astronomica
528 1920 562 1980 61
599 1915 823 1997 philosophica
856 1912 956 1998 66112.
1013 1914 1078 1980 Sed
1112 1913 1195 1978 ialso
1232 1913 1294 1976 hac

176 2043 217 2088 ex
251 2043 287 2088 re
325 2023 482 2088 conclusit
513 2022 681 2088 Manilium
719 2022 906 2088 adhibuisse
945 2020 1073 2087 Gemini
1111 2015 1293 2100 6116616163.

175 2131 257 2195 Nam
282 2129 353 2209 quis
372 2131 511 2212 probare
537 2134 647 2211 potest
665 2129 833 2195 Geminum
859 2134 936 2193 ante
960 2131 1091 2209 poetam
1114 2126 1293 2190 Romanum

175 2236 301 2302 tuisse?
345 2236 473 2302 Primus
507 2237 696 2302 Alexander
727 2235 994 2318 Aphrodisiensis
1031 2238 1187 2315 excerpta
1225 2233 1294 2297 eius

176 2341 358 2410 laudavit4!
376 2381 415 2390 -
434 2344 555 2409 Contra
568 2343 737 2409 Posidonii
749 2343 851 2425 ipsius
867 2363 967 2426 opera
981 2341 1135 2408 Manilius
1150 2339 1294 2406 studiose

178 2450 369 2533 cognovisse
401 2450 546 2533 uidetur,
580 2471 653 2515 narn
677 2459 750 2516 'non
787 2453 888 2516 solum
927 2449 1108 2515 doctrinam
1140 2453 1296 2512 meteoro-

176 2556 317 2640 logicam
350 2577 369 2622 a
399 2556 589 2639 philosopho
620 2561 786 2622 mutuatus
817 2560 881 2639 est,
913 2557 971 2622 sed
1001 2556 1100 2622 etiam
1130 2555 1294 2636 nonnulla,

178 2684 262 2744 quae
296 2665 338 2729 ad
371 2662 605 2729 divinationem
637 2663 819 2746 pertinent,
853 2683 893 2728 ex
926 2663 994 2728 eius
1026 2663 1109 2728 libro
1146 2661 1294 2744 sumpsit,

178 2771 234 2852 qui
257 2770 497 2837 inscribebatur
522 2773 602 2855 ,περὶ
624 2767 818 2854 humandam.

268 2878 398 2944 Summa
445 2878 547 2962 igitur
597 2878 692 2943 huius
740 2877 844 2960 partis
894 2882 946 2942 611
995 2878 1090 2941 haec:
1144 2875 1297 2940 Manilius

179 2984 263 3051 sicut
291 2985 446 3051 Geminus
476 2985 643 3050 Posidonii
673 3005 766 3069 opus,
801 2985 885 3067 quod
918 2985 1087 3066 6111111161
1113 2984 1296 3066 μετεώρων,

179 3092 337 3158 adhibuit.
1249 3102 1252 3108 ’

271 3395 281 3431 ¹
301 3395 438 3449 Posidonii
462 3396 495 3449 de
521 3394 608 3448 stellis
634 3394 815 3448 inerrantibus
839 3394 987 3447 doctrinam
1006 3393 1126 3446 Blassius
1144 3393 1161 3445 l.
1180 3393 1198 3446 l.
1219 3409 1244 3458 p.
1266 3394 1297 3444 17

181 3485 279 3539 ceteris
307 3500 411 3552 quoque
436 3484 534 3538 Stoicis
565 3485 734 3538 tribuendam
767 3501 825 3538 6116
856 3488 943 3551 putat,
970 3498 1028 3536 cum
1058 3483 1128 3548 161111
1154 3481 1297 3535 Stobaeurn

180 3575 202 3641 I,
222 3576 274 3627 205
293 3576 338 3629 W.
364 3575 431 3627 haec
456 3574 589 3643 legamus:
616 3577 652 3640 ,61
676 3574 705 3627 δὲ
727 3575 799 3627 ἄλλοι
819 3573 936 3627 Στωϊκοὶ
960 3571 1013 3640 πρὸ
1039 3579 1091 3624 τῶν
1117 3571 1213 3638 ἑτέρων
1238 3569 1298 3628 τοὺς

180 3665 285 3732 ἑτέρους
304 3664 331 3716 ἐν
350 3665 413 3732 ὕψει
432 3665 477 3717 καὶ
495 3663 575 3734 βάθει
604 3668 650 3731 (sc.
669 3667 775 3718 κεῖσθαι
803 3664 863 3723 τοὺς
890 3662 1018 3730 ἀστέρας).
1065 3662 1117 3716 Sed
1142 3676 1298 3726 161661,116

181 3754 232 3807 hoc
258 3754 317 3807 loco
345 3770 397 3807 non
425 3754 510 3807 solum
538 3754 570 3806 de
597 3753 853 3820 111611661111111,1611
880 3753 962 3807 etiam
987 3753 1019 3805 de
1044 3751 1161 3820 planctis
1186 3767 1229 3804 res
1255 3750 1297 3803 sit.

181 3843 216 3897 V.
241 3843 303 3896 Aet.
328 3843 397 3910 plac.
423 3844 458 3909 lI,
485 3844 516 3896 15
541 3842 635 3911 (Diels.
661 3844 720 3896 dcx.
746 3860 771 3911 p.
791 3845 863 3910 344).
908 3843 948 3896 Of.
973 3841 1070 3906 Melior,
1097 3840 1196 3894 Philas
1215 3841 1251 3905 II,
1274 3840 1299 3892 1⁴

183 3934 252 3986 1025
271 3933 354 3985 6114.

274 4021 343 4075 ”De
362 4021 471 4074 Manilio
490 4025 571 4088 poeto
590 4021 699 4087 eiusque
718 4021 834 4090 iugenio.
872 4020 950 4074 Paris
970 4022 1047 4074 1887.

274 4109 319 4164 ⁰1.
338 4110 356 4164 l.
375 4127 400 4178 p.
420 4109 454 4162 55
473 4126 528 4177 sqq.

273 4199 558 4267 4Β16111.1.6.25.

275 4290 285 4319 ⁵
302 4290 343 4343 De
362 4290 413 4342 hac
431 4304 460 4342 16
479 4289 540 4343 vide
560 4305 699 4344 excursum
717 4290 739 4343 Ι.
