3194 5074
1238 435 1285 504 23

167 633 295 701 voluit?
316 635 485 718 ¹Suspicor
504 637 670 703 Manilium
696 658 753 704 suo
773 641 881 705 Marte
905 641 1088 724 philosophi
1107 644 1288 711 doctrinam

167 740 370 824 immutasse,
412 741 552 809 fortasse
599 764 636 809 eo
679 745 827 828 consilio,
870 753 907 812 ut
948 747 1174 829 simpliciorem
1217 773 1289 817 eam

166 848 331 913 redderet.

257 956 374 1021 Altera
389 958 563 1040 sententia,
579 978 661 1038 quae
677 964 788 1025 exstat
803 981 853 1026 vv.
866 967 928 1026 867
933 968 1017 1026 -87
1023 969 1051 1045 3,
1068 965 1290 1047 Pythagorae-

168 1082 258 1127 orunr
282 1068 347 1145 est,
373 1063 428 1144 qui
456 1065 560 1146 ,aiunt
590 1085 662 1132 esse
686 1067 825 1150 quidem,
851 1068 908 1133 sed
932 1070 1055 1134 habere
1079 1089 1190 1137 cursus
1215 1091 1289 1138 suos

168 1173 300 1251 etpost
324 1175 415 1235 corta
439 1172 542 1237 lustra
566 1172 598 1237 iu
624 1179 829 1254 conspectum
858 1175 1042 1242 mortalium
1072 1177 1171 1242 exire‘
1198 1178 1287 1263 (Seu.

170 1283 267 1359 19,2;
299 1277 584 1362 decuplatur,
612 1287 686 1361 2,l;
716 1280 807 1346 Diels
837 1281 910 1346 dux.
935 1302 965 1363 p.
997 1284 1086 1368 366).
1134 1285 1185 1348 Ad
1209 1287 1290 1350 lraec

167 1382 322 1449 Manilius
346 1384 440 1450 addit
462 1387 522 1451 has
546 1388 661 1453 stellas
684 1393 859 1469 propterea
883 1408 947 1453 non
980 1409 1108 1471 semper
1137 1391 1289 1474 conspici,

169 1491 246 1570 quia
262 1491 339 1556 solis
354 1493 455 1558 radiis
471 1495 693 1560 obscurentur.
718 1496 812 1559 Hauc
829 1515 958 1560 calisam
974 1501 1011 1561 ut
1024 1497 1288 1580 Pytlragoraeam

168 1597 418 1680 Olympiodorus
451 1600 562 1666 affert:
596 1602 732 1667 Aristot.
768 1607 900 1667 meteor.
935 1604 985 1668 ed.
1019 1604 1127 1669 ldeler
1158 1606 1183 1686 l,
1212 1611 1288 1671 183:

168 1707 287 1788 ,ὥσπερ
311 1708 404 1789 φησὶν
427 1709 445 1772 ὁ
468 1715 523 1771 τοῦ
544 1708 664 1791 Ἑρμοῦ
690 1710 788 1792 ἀστὴρ
813 1709 863 1772 διὰ
887 1709 929 1792 τὸΙ
946 1711 1120 1793 ἰσόδρομος
1143 1713 1220 1776 εἶναι
1243 1723 1290 1794 τῷ

166 1813 248 1896 ἡλίῳ
281 1817 423 1885 σπανίως
455 1818 605 1898 φαίνεται,
639 1817 801 1899 δυσχερῶς
833 1816 894 1899 γὰρ
922 1818 1089 1892 ὑπολείπει,
1122 1821 1207 1882 οὕτω
1237 1820 1290 1882 καὶ

167 1918 264 1990 οὗτος
297 1923 314 1984 ὁ
347 1924 437 1992 ἕκτος
468 1925 625 2006 πλανήτης
656 1925 802 2006 τοιαύτην
833 1926 897 2007 ἔχει
927 1927 1048 2007 κίνησιν
1072 1926 1126 1990 καὶ
1149 1929 1290 1997 σπανίως

167 2028 346 2091 ὑπολείπει.ί

258 2135 373 2200 Tertia
410 2137 548 2217 denique
589 2137 696 2219 opinio
738 2143 806 2202 tam
847 2138 985 2220 simplex
1027 2144 1088 2221 est,
1127 2144 1163 2204 ut
1203 2139 1291 2205 iuter

166 2241 430 2323 philosophorum
463 2244 587 2326 placita
625 2265 695 2310 eam
729 2247 911 2311 habendam
945 2265 1018 2311 esso
1050 2265 1113 2311 non
1147 2247 1288 2312 credam.

167 2350 256 2414 Deos
288 2349 489 2416 inflammare
524 2353 659 2435 caelum,
692 2357 730 2417 ut
760 2352 941 2418 hominibus
971 2373 1078 2418 rernm
1109 2354 1289 2419 futurarum

167 2449 273 2538 signa
287 2462 507 2540 praestarent,
531 2460 592 2523 lroc
615 2458 756 2524 fortasse
781 2478 821 2524 ea
845 2464 938 2524 aetas
961 2463 1110 2542 putabat,
1135 2479 1218 2540 qnae

291 2564 339 2646 ,In
363 2564 501 2645 speciem
528 2585 686 2631 conversa
709 2585 841 2647 operum
865 2565 992 2631 ratione
1017 2569 1172 2649 carebat,‘

169 2677 205 2735 et
228 2690 311 2750 quae
335 2672 438 2736 minus
463 2692 483 2736 a
515 2677 644 2754 natura,
675 2692 769 2754 quam
793 2672 1020 2754 superstitiose
1044 2694 1064 2738 a
1088 2673 1138 2739 dis
1167 2674 1288 2757 ignium

169 2797 301 2843 causam
325 2781 507 2860 repetebat.
552 2780 646 2844 Hanc
670 2779 829 2845 rationem
850 2779 1003 2845 Manilius
1027 2780 1100 2845 ideo
1122 2781 1288 2846 addidisse

167 2884 309 2969 videtur,
335 2891 371 2951 ut
395 2887 559 2952 commode
584 2888 626 2952 ad
650 2885 906 2969 significationes
926 2892 1123 2953 cometarum
1147 2887 1289 2953 transire

168 2997 291 3074 posset,
316 2993 356 3057 de
381 2993 500 3072 quibus
520 3014 573 3061 vv.
598 3014 668 3074 sqq.
693 2996 795 3061 uerba
818 2993 909 3060 facit.

260 3099 404 3164 Achilles
435 3120 505 3182 cap.
531 3105 574 3165 34
598 3120 668 3165 cum
697 3100 780 3166 alias
807 3099 929 3183 ignium
957 3101 1089 3183 formas,
1114 3105 1180 3167 tum
1205 3101 1291 3167 sicut

168 3206 323 3272 Manilius
343 3212 495 3289 cometas
515 3208 615 3290 faces
636 3209 757 3290 trabes,
779 3207 934 3272 salientes
954 3206 1121 3273 describit.
1154 3208 1289 3273 Omissis

168 3313 431 3396 philosophorum
464 3314 645 3380 nominibus
678 3320 746 3380 tres
778 3314 960 3380 sententias
993 3315 1107 3398 tradit,
1133 3335 1215 3395 qurae
1248 3315 1289 3380 ad

169 3427 368 3487 cometarum
393 3421 550 3504 originem
579 3427 744 3503 spectant:
773 3421 910 3503 primam
934 3423 1152 3504 Anaxagorae
1177 3423 1289 3488 Demo-

170 3527 320 3610 critique,
357 3529 532 3594 secundum
574 3548 653 3609 quos
694 3528 803 3596 vicina
842 3529 951 3594 sidera
990 3528 1162 3594 coniuncta
1200 3529 1290 3594 illam

169 3635 313 3718 speciem
346 3635 504 3717 efficiunt,
529 3637 669 3702 alteram
692 3636 877 3702 Heraclidis
901 3636 1041 3718 Pontici,
1066 3635 1120 3717 qui
1153 3637 1291 3701 docebat

170 3747 317 3810 cometas
336 3762 407 3810 esse
427 3746 528 3810 nubes
543 3743 737 3826 illustratas,
759 3743 891 3810 tertiam
911 3742 1289 3824 Aristotelis-Posidonii,

170 3870 268 3932 quam
291 3851 388 3933 paulo
413 3856 490 3916 aute
514 3851 658 3933 exposui.

260 4173 407 4238 Vidimus
422 4191 521 4254 saepe
537 4173 696 4238 Achillem
711 4177 745 4237 ct
758 4171 927 4236 Manilium
942 4172 1054 4237 eadem
1070 4169 1291 4236 Posidoniana

169 4279 318 4346 reddere.
374 4279 467 4344 Nunc
499 4279 622 4344 animos
658 4278 866 4345 advertamus
904 4278 945 4343 ad
980 4277 1024 4359 id,
1065 4277 1149 4357 quod
1190 4277 1290 4342 multo

170 4385 306 4470 gravius
329 4393 394 4453 est:
419 4387 573 4452 librorum
602 4386 673 4451 dico
702 4383 974 4466 compositionem.
1022 4383 1113 4466 Quae
1144 4388 1181 4449 ut
1208 4382 1290 4448 satis
