3194 5074
337 422 358 488 6

334 623 481 706 legimus.
529 623 661 705 Confer,
692 643 827 705 quaeso,
860 644 930 689 eum
958 624 1052 690 huius
1083 625 1227 690 auctoris
1257 625 1365 707 eapite
1395 626 1452 707 IV,

335 749 417 810 quae
441 729 497 795 ille
520 730 546 811 I,
571 735 745 794 564—593
771 731 810 796 (le
834 731 1003 812 parallelis
1027 730 1156 796 eireulis
1180 731 1269 796 dieii.

421 835 605 901 Manilius
628 837 653 918 1,
679 834 776 901 5641:

334 941 480 1008 Oireulus
497 963 517 1008 a
535 962 657 1009 summo
677 947 866 1008 nascentem

377 1049 503 1115 vertice
527 1050 679 1115 mundum

333 1263 478 1328 Circulos
488 1262 530 1328 ad
544 1266 673 1329 boream
685 1263 864 1346 fulgentem

377 1369 518 1436 sustinet
540 1371 664 1436 Arcton

988 836 1168 903 Geminus
1196 858 1275 920 cap.
1301 835 1384 904 IV2:

967 1269 1008 1328 14
1031 1264 1062 1328 C·
1100 1263 1193 1335 οὗτος
1223 1266 1258 1328 δὲ
1288 1266 1306 1328 6
1337 1266 1454 1334 κύκλος

919 1372 953 1434 ἒν
983 1381 1021 1454 τῇ
1052 1373 1129 1434 καθ’
1164 1373 1250 1454 ἡμᾶς
1281 1373 1451 1454 οἰκουμένῃ

846 1541 849 1547 ,
919 1478 983 1541 ὑπὸ
1019 1485 1075 1542 τοῦ
1117 1479 1316 1560 ε’μπροσύίου
1354 1478 1453 1548 ποόὀς

332 1796 458 1876 Sexque
486 1796 572 1879 fugit
595 1797 716 1862 solidas
740 1817 760 1862 a
785 1797 867 1861 caeli

377 1903 501 1971 vertice
525 1907 647 1985 partes.

333 2223 429 2287 Alter
459 2223 501 2287 ad
530 2223 667 2288 extremi
692 2224 866 2290 decurrens

378 2329 488 2394 sidera
511 2329 637 2413 Caneri,

333 2437 372 2501 ln
400 2455 461 2515 quo
493 2443 693 2502 consummat
716 2439 866 2503 Phoebus

378 2544 546 2623 lucemque
569 2564 763 2627 moramque,

335 2651 509 2731 Tardaque
528 2670 587 2733 per
606 2652 720 2734 longos
736 2652 867 2719 eircum-

378 2755 444 2822 iert
466 2758 589 2824 lumina
612 2758 724 2841 {lenus⁷

335 3077 505 3145 Aestivum
532 3077 638 3142 medio
667 3097 782 3144 nomen
807 3077 869 3142 sibi

381 3183 479 3248 sumit
503 3185 543 3248 ab
568 3188 677 3268 aestu3

336 3290 507 3372 Temporis
546 3296 580 3356 et
616 3290 711 3357 tilulo
746 3291 870 3374 pot-itur

380 3403 531 3476 metaque
555 3397 697 3464 volantis

338 3504 422 3570 Solis
455 3510 489 3570 el
522 3509 685 3570 extremos
718 3505 870 3588 designat

381 3612 527 3679 fervidus
551 3617 644 3678 aetus

338 3825 384 3889 El
393 3825 534 3905 quinque
544 3825 577 3891 in
588 3830 701 3908 partes
712 3825 872 3907 aquilonis

385 3932 488 3998 distat
511 3935 552 3999 ab
578 3935 665 4000 orbe.

340 4146 553 4156 ——m—

430 4195 440 4233 ¹
459 4199 499 4251 ed.
518 4197 609 4251 Jacob.
628 4199 716 4252 Berol.
739 4201 815 4253 1846.

917 1592 971 1668 τῆς
1019 1586 1157 1668 μεγάλης
1202 1587 1320 1668 ἄρκτου
1366 1609 1450 1668 περι-

918 1692 1079 1774 γράφεται.

969 1804 1007 1862 19
1032 1799 1069 1862 Β.
1095 1799 1113 1860 6
1137 1798 1285 1880 ἀρκτικὸς
1308 1799 1373 1862 ἀπὸ
1396 1805 1452 1862 τοῦ

920 1905 1020 1967 πόλου
1053 1906 1284 1988 καταγράφεται
1323 1906 1453 1988 ἀπέχων

921 2011 1077 2094 ἕξηκοοτὰ
1100 2014 1141 2085 ἕξ.

968 2230 1009 2290 14
1032 2225 1065 2290 (λ’.
1095 2225 1225 2307 Θερινὸς
1249 2227 1284 2289 δὲ
1302 2225 1454 2307 τροπικός

920 2334 1037 2403 κύκλος
1061 2334 1168 2396 ἐστὶν.
1194 2383 1200 2395 .
1225 2384 1231 2396 .

968 2445 1008 2504 14
1031 2439 1071 2504 D.
1096 2440 1146 2523 ἐφ’
1172 2439 1211 2504 οὗ
1240 2441 1407 2523 γενόμενος
1436 2443 1455 2504 6

920 2549 1009 2631 ἥλιος
1055 2548 1111 2631 τὴν
1160 2548 1290 2631 ύερινὴν
1335 2548 1457 2630 τροπὴν

921 2661 1072 2717 ποιεῖται·
1091 2657 1125 2717 ἒν
1165 2653 1187 2737 ᾗ
1226 2656 1353 2737 μεγίστη
1396 2656 1457 2737 μὲν

921 2767 1035 2824 πασῶν
1069 2767 1134 2824 τῶν
1171 2763 1205 2824 ἒν
1242 2771 1288 2845 τῷ
1323 2763 1458 2846 ἐνιαυτῷ

921 2869 1034 2950 ἡμέρα,
1077 2869 1220 2952 ἐλαχίστη
1247 2869 1299 2933 ’δὲ
1340 2872 1359 2952 ἡ
1397 2870 1457 2944 νὺξ

922 2975 1043 3057 γίνεται.

967 3294 1047 3376 μετὰ
1064 3296 1172 3377 μέντοι
1196 3319 1230 3376 γε
1252 3295 1307 3377 τὴν
1325 3295 1461 3378 ύερινην

923 3401 1043 3482 τροπὴν
1054 3402 1159 3464 οὐκέτι
1167 3401 1250 3483 πρὸς
1260 3401 1313 3472 τὰς
1320 3403 1461 3484 ἄρκτους

924 3508 1117 3590 παροδεύων
1140 3510 1157 3571 6
1173 3510 1261 3591 ἥλιος
1280 3511 1460 3592 θεωρεῖται,

925 3613 991 3677 ἀλλ’
1013 3615 1064 3678 ε’πλ
1082 3615 1119 3678 τὰ
1139 3617 1228 3698 ἕτερα
1247 3617 1330 3698 μέρη
1350 3617 1460 3698 τρέπε-

925 3745 973 3784 ται
996 3728 1052 3785 τοῦ
1076 3723 1212 3804 κόσμου.

974 3833 1013 3894 19
1030 3829 1066 3893 Β.
1084 3829 1103 3890 6
1118 3829 1153 3892 δὲ
1168 3829 1296 3910 ιλερινός
1310 3831 1463 3910 τροπικός

926 3935 989 4000 ἀπὸ
1027 3942 1081 3998 τοῦ
1119 3937 1269 4018 ἀρκτικοῦ
1307 3938 1463 4020 γράφεται

927 4044 1056 4126 ἀπέχων
1080 4043 1232 4125 ἕξηκοοτά
1257 4044 1289 4106 ε’.

431 4285 597 4352 2Petavius,
618 4288 650 4340 tle
670 4289 792 4342 doctrina
817 4294 967 4357 temporum
992 4291 1042 4361 III,
1066 4290 1266 4360 Uranologium,
1293 4291 1355 4345 Lul.
1375 4292 1465 4348 Paris.

344 4377 421 4440 1630,
440 4393 464 4444 p.
486 4376 519 4427 14
538 4391 594 4442 sqq.
