3194 5074
689 701 750 771 IV.

310 871 371 939 De
395 869 609 938 Posidonii
632 870 753 940 libris
776 871 1121 954 meteorologicis.

248 1014 425 1095 Postquam
463 1015 504 1080 de
536 1015 576 1082 iis
614 1015 800 1082 auctoribus
838 1016 919 1082 satis
957 1017 1109 1101 disserui,
1143 1017 1197 1097 qui
1235 1018 1277 1082 ad

157 1121 379 1188 restituendos
403 1121 503 1188 libros
521 1123 591 1205 περὶ
608 1127 784 1207 μετεώρων
805 1123 976 1206 plurimum
1000 1125 1123 1205 valent,
1144 1125 1184 1189 de
1207 1123 1277 1205 ipso

158 1247 257 1310 opere
276 1228 493 1294 Posidoniano
517 1232 672 1295 nonnulla
691 1231 828 1297 dicenda
852 1236 937 1298 sunt.
979 1230 1071 1314 Quod
1096 1231 1217 1296 attinet
1236 1232 1278 1296 acl

156 1355 267 1401 rerum
291 1335 544 1430 dispositionem,
568 1337 738 1419 plurimum
764 1339 851 1404 inter
881 1357 915 1404 se
940 1337 1091 1403 differunt
1115 1337 1278 1415 Manilius

157 1442 326 1526 Geminae,
369 1443 524 1526 Achilles,
563 1445 871 1511 Pseudaristoteles.
940 1445 1064 1510 Tamen
1106 1464 1146 1510 ex
1187 1444 1279 1509 libris

157 1569 269 1615 eorum
302 1569 401 1632 saepe
433 1550 607 1634 genuinum
640 1549 851 1618 Posidoniani
888 1552 995 1634 operis
1033 1552 1178 1617 ordinem
1210 1571 1280 1633 per·

157 1656 286 1738 spicere
309 1676 487 1739 possumus.

248 1763 423 1830 Praefatns
451 1769 504 1830 est
531 1764 750 1848 philosophus
780 1784 805 1830 s
829 1765 922 1847 dp,
948 1763 987 1829 de
1014 1765 1065 1846 iis,
1091 1765 1147 1845 qui
1175 1770 1279 1831 artem

155 1870 443 1954 meteorologicam
482 1871 664 1938 invenisse
684 1872 845 1954 dicuntur,
880 1878 914 1936 et
948 1871 988 1936 de
1025 1871 1076 1954 iis,
1111 1871 1165 1951 qui
1202 1876 1279 1937 ante

155 1977 262 2060 ipsum
292 1979 332 2043 de
356 1979 419 2043 hac
448 1985 521 2044 arte
550 1977 781 2061 scripserunt¹.
829 1979 880 2043 Ad
903 1978 947 2058 id,
973 1980 1056 2058 quod
1080 1978 1280 2060 propositum

157 2091 222 2168 est,
245 2086 293 2151 ita
321 2086 464 2168 transiit,
494 2090 530 2151 ut
553 2086 678 2151 diceret
700 2085 834 2150 multum
865 2084 1025 2150 interesse
1056 2084 1143 2150 inter
1169 2087 1278 2169 pada-

153 2195 294 2277 ματικὴν
329 2199 363 2258 et
397 2195 613 2276 φυσιολογίαν,
649 2193 707 2258 sed
744 2197 854 2258 tamen
876 2191 1052 2270 ,interdum
1086 2212 1148 2257 uno
1179 2196 1278 2272 atque

156 2301 272 2366 eodem
296 2301 366 2366 loco
390 2305 562 2380 utramque
586 2305 690 2365 artem
714 2299 931 2364 adhibendam
957 2295 1057 2363 ossei

247 2408 368 2473 Rerum
400 2406 732 2490 meteorologicorum,
764 2405 803 2470 de
833 2405 948 2485 quibus
976 2404 1169 2471 Posidonius
1198 2404 1276 2487 egit,

154 2521 227 2581 tres
256 2521 369 2597 partes
401 2515 586 2580 discernere
616 2531 798 2595 possumus:
828 2511 932 2594 prima
962 2513 1045 2577 tales
1070 2509 1277 2592 quaestiones

155 2622 314 2704 continet,
348 2640 431 2702 qnae
464 2620 507 2686 ad
544 2625 647 2686 totum
686 2620 837 2684 mundum
870 2626 1033 2701 spectant,
1067 2619 1277 2699 sequentibus

154 2729 286 2810 singula
309 2727 419 2794 mundi
443 2729 619 2811 φαινόμενα
643 2731 839 2812 tractantur,
865 2730 963 2806 atque
993 2726 1134 2791 secunda
1166 2726 1206 2790 de
1236 2726 1277 2791 iis

154 2841 218 2916 est,
244 2854 326 2915 quae
350 2834 469 2901 Graeci
492 2836 638 2918 μετέωρα
663 2835 840 2916 appellant,
866 2833 968 2898 tertia
992 2833 1034 2897 ad
1058 2852 1098 2897 ea
1121 2831 1275 2915 pertinet,

153 2961 240 3022 quae
271 2944 421 3024 μετάρσια
455 2948 623 3008 vocantur.
679 2941 865 3022 Videamus,
900 2958 979 3019 quos
1009 2940 1096 3004 locos
1127 2939 1276 3021 singulae

152 3049 243 3131 apud
268 3053 421 3128 quattuor
444 3048 516 3113 illos
541 3052 691 3113 auctores
715 3047 894 3113 obtineant.

304 3156 458 3222 Achill.:
550 3155 679 3220 Manil.
703 3155 734 3220 I:
834 3152 994 3218 Gemiu.:
1102 3152 1260 3218 Ps-An:

187 3264 215 3328 Ι.
263 3283 355 3346 capp.
381 3269 466 3329 3-9
519 3283 572 3329 vv.
600 3266 773 3327 lle—254
884 3278 955 3326 vae.
1070 3277 1164 3340 capp.
1191 3265 1274 3324 2—3

172 3371 216 3435 Π.
354 3377 481 3436 10-31
597 3373 771 3433 act-cm
808 3370 1033 3448 sappi-16
1135 3385 1207 3432 vae.

150 3477 215 3543 III.
352 3481 483 3542 32—34
595 3480 769 3540 813—926
882 3492 954 3539 vac.
1104 3492 1174 3554 cap.
1199 3477 1230 3537 4.

245 3585 273 3647 Α
306 3583 415 3648 mundi
446 3583 572 3666 origine
599 3580 792 3647 Posidonius
823 3579 949 3645 initium
979 3576 1097 3660 cepit³.
1147 3578 1274 3645 Deinde

150 3680 327 3759 secundum
348 3691 560 3773 Chrysippum
585 3689 625 3754 de
645 3693 800 3769 quattuor
825 3686 993 3752 elementis
1016 3687 1142 3751 locutus
1161 3687 1274 3769 paucis

149 3797 264 3866 verbis
289 3797 575 3880 explicantque
599 3795 728 3878 singula
752 3795 965 3860 continerent.
1014 3792 1085 3876 Qua
1109 3793 1141 3857 in
1165 3794 1274 3858 reita

148 3905 324 3990 prooessit,
357 3911 393 3970 ut
431 3907 472 3970 ab
510 3905 655 3984 aethere,
689 3902 744 3983 qui
777 3907 829 3968 est
860 3901 998 3966 omnium
1037 3919 1186 3982 summus
1214 3921 1273 3982 per

147 4033 365 4042 ———-—-—·-——

245 4101 252 4129 ¹
306 4142 312 4154 .
350 4101 410 4153 .1n
428 4117 467 4154 s.

242 4100 367 4242 ²iifchiil.
387 4117 488 4256 capq2,
508 4188 541 4243 01.
556 4205 581 4256 p.
596 4189 639 4240 24.
668 4185 818 4240 ceserano
836 4186 873 4250 II,
894 4185 945 4237 104
965 4189 993 4238 et
1007 4185 1082 4249 VIII,
1102 4185 1170 4236 332:
1190 4185 1270 4248 ,ἄλλοι

146 4284 175 4336 δ’
194 4281 232 4338 εἰς
252 4279 295 4331 τὸν
314 4279 428 4347 φυσικὸν
453 4279 532 4331 τόπον
557 4279 602 4331 καὶ
628 4276 672 4329 τὸν
689 4274 878 4343 μαθηματικὸν
895 4273 1061 4342 προσέλαβόν
1080 4293 1134 4324 τινα
1154 4272 1271 4325 καὶτῶν

145 4369 286 4431 τοιούτων,
305 4368 428 4435 καθάπερ
448 4367 628 4424 Ποσειδώνιός
647 4386 673 4416 τε
692 4365 738 4416 καὶ
751 4366 913 4431 Ἵππαρχος.ι

242 4456 252 4487 ³
271 4457 309 4511 Oi.
329 4474 354 4526 p,
377 4459 410 4509 13
429 4473 467 4523 sq.
1164 4521 1180 4571 3
