3194 5074
1228 435 1271 502 17

157 636 260 702 forma
274 637 415 703 rotunda
429 643 573 721 putetur,
589 640 673 704 hanc
688 639 772 704 enim
789 659 860 705 esse
875 639 1015 705 omnium
1027 639 1276 721 pulcherrimam

157 750 192 810 et
216 743 446 828 aptissimam¹.
489 745 631 811 Maxime
655 738 697 810 ad
721 746 849 811 Manilii
875 765 986 812 versus
1012 747 1176 827 quadrant
1194 749 1277 814 haec

156 852 321 918 Ciceronis
345 854 446 919 verba
470 851 526 936 (ll,
551 852 623 937 47):
656 852 726 933 ,His
755 853 879 918 duabus
903 853 1015 919 formis
1040 853 1098 939 (sc.
1124 855 1218 936 globo
1244 861 1277 920 et

157 958 292 1045 circulo)
322 960 482 1043 contingit
513 959 605 1042 solie,
630 965 666 1025 ut
689 979 799 1026 omnes
823 979 934 1025 earum
958 965 1071 1041 partes
1101 960 1167 1026 siut
1190 961 1277 1026 inter

156 1087 192 1132 se
226 1067 417 1132 simillumae
451 1066 508 1152 (=
534 1087 563 1134 v.
588 1067 669 1153 213)
704 1087 724 1131 a
755 1067 925 1146 medioque
962 1068 1154 1132 tantundem
1192 1068 1279 1135 absit

157 1179 351 1256 extremum,
377 1193 438 1254 quo
467 1173 548 1239 nihil
571 1174 642 1239 fieri
667 1179 777 1256 potest
802 1173 920 1256 aptius.
969 1173 1033 1238 Sed
1057 1173 1084 1238 si
1108 1175 1190 1239 haec
1214 1195 1277 1240 non

156 1280 277 1348 uidetis
303 1333 309 1345 .
337 1331 343 1345 .
370 1333 376 1346 .
403 1333 410 1362 ,
435 1300 475 1346 ne
503 1282 565 1346 hoc
593 1280 720 1360 quidem
745 1280 871 1363 physici
895 1280 1089 1363 intellegere
1113 1280 1278 1364 potuistis,

156 1389 241 1453 hauc
265 1388 533 1467 aequabilitatem
557 1393 661 1452 motus
682 1387 962 1468 constantiamque
982 1387 1128 1453 ordinum
1152 1388 1186 1452 in
1211 1388 1279 1453 alia

155 1496 263 1578 figura
284 1516 349 1560 non
372 1495 518 1577 potuisse
542 1495 693 1561 servari?
721 1494 778 1579 (z
802 1515 833 1560 v.
859 1496 959 1580 211).ι
1303 1479 1305 1484 ’

247 1604 418 1669 Causam
452 1603 512 1667 hoc
542 1621 668 1682 quoque
701 1602 811 1684 capite
839 1608 1087 1685 argumenta
1115 1608 1278 1668 secuuntur.

155 1712 290 1777 Duobus
323 1715 422 1792 potita
453 1710 570 1791 utitur,
609 1710 725 1790 quibus
762 1709 916 1774 ostendat
952 1715 1074 1774 terram
1112 1710 1279 1791 globosam

157 1837 240 1884 esse.
272 1817 412 1900 Quorum
432 1818 570 1884 alterum
591 1837 610 1882 a
629 1816 732 1900 signis
752 1816 900 1898 arcessit,
921 1835 1004 1895 quae
1020 1817 1240 1897 proficiscenti
1259 1837 1279 1883 a

157 1926 446 2008 septemtrionibus
465 1926 507 1990 ad
527 1924 693 1990 meridiem
712 1944 776 1989 non
795 1924 941 1989 omnibus
959 1923 1146 2005 regionibus
1165 1925 1278 1990 eadem

158 2029 371 2115 appareant2,
403 2033 542 2098 alterum
573 2052 593 2097 a
623 2031 795 2096 deficiente
825 2031 917 2111 luna,
950 2050 1044 2110 quam
1075 2030 1164 2111 prius
1199 2049 1278 2095 eoae

157 2145 284 2223 gentes
308 2144 383 2221 post
406 2139 577 2220 hesperiae
601 2138 797 2203 desiderent.
844 2137 929 2202 illud
958 2142 1047 2201 recte
1072 2156 1144 2202 sese
1167 2138 1277 2218 hahet,

157 2249 219 2312 hoc
242 2247 352 2328 inepte
381 2246 559 2311 adhibitum
591 2251 651 2312 est.
698 2244 851 2310 Manilius
876 2244 959 2309 enim
984 2243 1065 2308 dicit
1093 2244 1201 2310 lunam
1226 2247 1279 2309 ob-

158 2360 321 2420 scuratam
354 2354 506 2435 deinceps
538 2354 625 2435 apud
655 2372 711 2418 eas
740 2358 857 2436 gentes
888 2351 976 2431 oriri,
1001 2372 1084 2432 quae
1108 2351 1212 2434 magis
1237 2352 1279 2416 ad

157 2461 359 2528 occidentem
383 2479 497 2529 versus
520 2460 682 2525 habitant.
730 2458 815 2542 Quid
839 2459 970 2524 tandem
1003 2458 1064 2523 sihi
1087 2459 1160 2526 uult
1181 2459 1279 2524 lunae

157 2567 330 2634 defectus?
374 2568 463 2632 Idem
497 2566 561 2631 dici
591 2570 724 2648 poterat
754 2567 793 2630 de
824 2567 901 2630 luna
930 2585 993 2630 non
1023 2566 1208 2647 obscurata,
1238 2565 1278 2630 de

153 2676 231 2761 sole,
263 2676 304 2740 de
335 2675 481 2740 omnibus
512 2674 627 2740 stellis.
679 2671 763 2754 Quid
794 2676 926 2753 poetam
958 2672 1146 2753 adduxerit,
1171 2678 1208 2736 ut
1238 2672 1277 2736 de

154 2783 285 2848 defectu
318 2783 516 2863 loqueretur,
550 2780 739 2846 Cleomedes
777 2797 835 2843 nos
874 2778 978 2858 docet,
1014 2777 1069 2857 qui
1106 2782 1277 2857 utrumque

154 2894 379 2973 argumentum
404 2889 501 2954 affert
523 2909 555 2969 p.
576 2894 617 2952 82
638 2889 689 2952 Z.:
716 2939 723 2970 ,
748 2937 754 2950 .
781 2937 787 2950 .
816 2887 881 2970 .σύ
904 2886 941 2948 τὰ
966 2885 1045 2948 αὐτὰ
1069 2885 1158 2968 παρὰ
1181 2891 1278 2949 πᾶσιν

153 2999 266 3079 ὁρᾶται
289 2999 388 3079 ἄστρα
412 2996 493 3078 πρὸς
517 2998 625 3078 ἄρκτῳ
649 2996 704 3058 καὶ
725 2995 909 3077 μεσημβρίᾳ
934 2992 991 3078 (=
1015 3011 1069 3059 vv.
1095 2997 1157 3056 215
1182 2990 1278 3075 sqq.)‘

153 3125 186 3186 p.
206 3110 245 3168 76
265 3104 300 3167 Ζ.
335 3104 515 3185 ,Ἐλέγχεται
535 3103 683 3165 δὲταῦτα
707 3103 761 3164 καὶ
784 3103 819 3174 ἐξ
842 3103 960 3181 ἑτέρων
983 3100 1037 3162 καὶ
1060 3101 1095 3162 ἐκ
1118 3105 1184 3163 τῶν
1206 3100 1278 3183 περὶ

151 3211 187 3274 τὰ
212 3213 310 3293 ἄστρα
334 3211 511 3292 γινομένων
535 3208 709 3290 ἐκλείψεων
737 3208 818 3270 κατὰ
849 3207 964 3270 ταύτὸν
987 3207 1048 3289 μὲν
1069 3206 1157 3288 παρὰ
1180 3212 1277 3269 πᾶσιν

153 3319 372 3391 ἐκλειπόντων,
397 3319 436 3381 οὐ
463 3317 530 3400 μὴν
557 3322 613 3398 τῆς
642 3316 739 3397 αὐτῆς
767 3315 856 3396 ώρας
884 3313 1223 3396 εὖρισκομένης·ἀλλά
1243 3313 1277 3376 τὸ

152 3429 187 3489 ἐν
210 3426 328 3508 Ἴβηρσι
356 3426 488 3507 πρώτης
511 3425 601 3506 ώρας
631 3423 775 3486 ἐκλεῖπον
803 3424 950 3504 πέμπτης
980 3422 1153 3502 εὑρίσκεται
1185 3422 1275 3502 ώρας

151 3533 241 3613 παρὰ
268 3538 331 3602 τοῖς
354 3530 496 3612 Πέρσαις
523 3531 579 3613 τὴν
607 3531 747 3612 ἔκλειψιν
776 3529 1001 3612 πεποιημένον,
1025 3526 1113 3609 παρὰ
1147 3527 1181 3590 δὲ
1209 3534 1275 3597 τοῖς
1316 3514 1320 3520 “

152 3640 257 3708 ἄλλοις
272 3638 458 3720 ἀναλόγως.ί
489 3636 642 3702 Manilius
661 3635 763 3719 igitur
777 3637 863 3717 apud
878 3639 1053 3714 auctorem,
1067 3633 1274 3699 Posidonium

152 3745 316 3827 videlicet,
337 3749 561 3827 argumentum
586 3743 800 3808 rotunditatis
819 3747 909 3809 recte
934 3762 953 3807 a
977 3742 1118 3807 siderum
1144 3739 1275 3806 delectu

153 3851 344 3918 arcessitum
381 3851 521 3934 iuvenit3
561 3852 618 3916 sed
655 3851 724 3918 siue
764 3852 849 3931 quod
885 3851 987 3917 verba
1027 3847 1096 3914 eius
1133 3867 1196 3912 non
1229 3847 1275 3912 in-

243 4047 312 4101 ¹Gf.
339 4047 495 4100 Cleomedes
521 4063 546 4114 p.
575 4048 609 4098 86
637 4045 680 4098 Z.:
709 4045 770 4108 ,Kal
801 4043 855 4112 μὴν
887 4043 996 4096 κάκεῖνο
1023 4041 1215 4105 πιθανώτατον,
1245 4041 1274 4093 τὸ

152 4135 309 4189 τελεώτατον
334 4143 388 4188 τῶν
413 4135 546 4202 σωμάτων
565 4143 602 4202 τῷ
622 4134 771 4201 τελεωτάτῳ
791 4140 844 4185 τῶν
863 4133 1006 4200 σχημάτων
1025 4132 1182 4199 κεχρῆσθαι.
1220 4131 1273 4182 Καὶ

151 4228 204 4278 ἐστι
228 4226 334 4278 πάντων
358 4224 406 4292 μὲν
431 4224 563 4291 σωμάτων
588 4223 746 4276 τελεώτατον
771 4224 786 4274 ὁ
810 4223 918 4289 κόσμος,
944 4221 1050 4273 πάντων
1075 4219 1105 4272 δὲ
1130 4218 1273 4286 σχημάτων

150 4317 167 4383 ἡ
187 4323 297 4383 σφαῖρα.

241 4403 309 4456 ’De
329 4404 435 4470 Canopo
455 4401 535 4455 stella
554 4402 587 4455 cf.
606 4419 631 4470 p.
652 4404 686 4454 10
704 4417 743 4470 sq.

1148 4487 1164 4536 2
