3194 5074
1244 432 1292 500 27

177 631 381 713 ,Posidonius
426 637 460 697 et
506 635 577 715 περὶ
621 637 796 718 μετεώρων
842 655 921 716 opus
967 635 1167 716 condiderat,
1205 636 1295 701 cuins

175 739 351 820 septimus¹
375 739 458 805 liber
482 740 617 806 affertur
640 741 750 826 (Diog.
764 743 874 808 Laert.
892 743 962 824 Vll,
980 741 1055 827 144)
1080 747 1114 808 et
1135 767 1294 826 μετεωρο-

175 847 306 930 λογικὴν
329 849 520 930 στοιχείωσιν
544 847 635 932 (ibid.
664 850 751 934 138),
784 869 867 929 quae
899 869 961 914 uno
994 848 1076 914 libro
1111 849 1295 915 constitisse

176 954 329 1020 videtur.‘
376 954 591 1050 Quamobrem
615 961 738 1022 rectam
763 957 849 1023 viam
864 957 942 1022 ud.
968 956 1130 1022 invenisse
1154 956 1294 1043 videtur,

177 1081 248 1126 cum
274 1059 353 1127 dicit
377 1062 398 1126 l.
423 1063 443 1126 l.
468 1083 499 1144 p.
524 1070 576 1126 12:
603 1063 739 1144 ,Eadem
763 1069 882 1145 antem,
908 1083 991 1144 qliae
1014 1063 1047 1129 in
1071 1065 1133 1128 hac
1155 1063 1295 1147 brevius

176 1169 212 1233 in
244 1168 366 1233 maiore
399 1189 496 1250 opere
519 1169 712 1236 Posidonius
746 1171 849 1236 fusius
881 1176 1104 1252 pertractasse
1132 1171 1296 1252 putandus

177 1279 249 1340 ests
310 1275 468 1340 Fortasse
510 1276 720 1359 philosophus
763 1280 942 1360 complures
978 1278 1079 1344 libros
1121 1280 1162 1343 ad
1199 1299 1295 1344 unum

177 1382 307 1465 redegit
326 1403 363 1448 eo
384 1383 526 1465 consilio,
547 1389 584 1449 ut
597 1384 743 1450 intimam
762 1405 869 1452 rernm
889 1385 1095 1468 physicarum
1115 1386 1295 1451 doctrinam

177 1490 334 1556 omittens
371 1491 413 1554 ad
454 1490 654 1557 indoctorum
701 1498 840 1558 mentem
887 1512 966 1574 opus
1012 1491 1296 1574 meteorologicum

178 1599 449 1664 accommodaret.
486 1598 533 1664 Gi.
549 1598 644 1681 Diog.
661 1599 774 1664 Laert.
789 1600 832 1682 X,
850 1607 901 1682 37,
915 1619 1008 1680 quem
1030 1602 1133 1664 locum
1151 1599 1297 1665 Blassius

177 1707 199 1770 l.
225 1707 245 1769 l.
271 1725 302 1787 p.
330 1711 369 1770 12
393 1706 524 1770 laudat:
551 1758 576 1788 ,.
604 1758 610 1771 .
637 1757 643 1770 .
668 1707 816 1791 ἐπιτομὴν
833 1707 886 1770 καί
910 1709 1102 1789 στοιχείωσιν
1125 1713 1191 1770 τῶν
1215 1707 1300 1770 ὅλων

178 1813 305 1886 δοξῶν]
353 1812 475 1878 Nomen
499 1815 632 1879 verbale
660 1816 851 1897 στοιχείωσις
879 1813 1062 1880 derivatum
1091 1819 1142 1878 est
1170 1833 1189 1878 a
1213 1833 1292 1879 voce

177 1920 350 2002 στοιχειόω,
375 1938 457 1999 quae
481 1919 645 2001 significat
673 1919 745 2005 „die
767 1921 938 1986 Elemente
961 1921 1106 1985 lehren“.

270 2026 360 2109 Quae
392 2027 419 2092 si
452 2031 542 2092 recte
574 2047 646 2092 sese
679 2029 817 2109 habent,
848 2029 945 2109 paulo
978 2027 1180 2092 immutanda
1213 2031 1300 2108 sunt,

179 2154 263 2214 quae
294 2154 325 2215 p,
351 2140 392 2199 24
425 2134 465 2199 de
495 2133 670 2199 Posidonio
698 2134 824 2199 Manilii
857 2139 891 2198 et
921 2133 1057 2198 Diodori
1087 2133 1301 2199 Alexandrini

180 2247 313 2306 auctore
348 2240 425 2307 dixi.
476 2241 616 2307 Dubium
648 2262 712 2308 non
745 2247 805 2323 est,
840 2242 914 2322 quin
948 2261 1001 2308 res
1029 2241 1301 2324 meteorologicae

180 2351 224 2414 ab
254 2348 294 2414 iis
321 2349 481 2432 prolatae,
507 2353 665 2428 quotquot
694 2350 735 2414 ad
759 2348 967 2414 Posidonium
995 2349 1188 2414 referendae
1216 2354 1300 2431 sunt,

179 2457 213 2523 in
254 2456 345 2521 libris
387 2455 456 2520 eins
496 2457 566 2538 περὶ
601 2458 778 2539 μετεώρων
815 2455 954 2522 inveniri
994 2456 1170 2538 potuerint.
1236 2457 1300 2521 Sed

180 2570 287 2630 utrum
313 2563 412 2628 lihros
436 2563 601 2644 pleniores
633 2583 674 2628 an
698 2565 847 2629 volumen
872 2563 1003 2630 brevius
1027 2562 1235 2628 adhibuerint
1259 2603 1301 2608 —

180 2674 243 2737 hoo
267 2676 355 2735 certe
379 2675 526 2735 statuere
545 2690 608 2735 non
634 2689 811 2751 possumus.
848 2670 1048 2753 Quamquam
1072 2669 1149 2734 mihi
1173 2670 1301 2750 quidem

181 2777 359 2845 verisimile
380 2778 508 2844 videtur
527 2784 658 2859 poetam
683 2779 875 2860 στοιχείωσιν
894 2776 1087 2859 inspexisse,
1109 2776 1227 2859 qnippe
1251 2776 1302 2842 cni

181 2905 236 2951 res
261 2885 458 2951 difficiliores
483 2905 645 2966 exponere
668 2904 731 2950 non
756 2885 880 2950 liceret.

271 2993 363 3057 Nune
387 2992 591 3058 conferamus
610 2992 821 3059 Aristotelem
845 2997 1053 3074 personatum
1078 3011 1149 3056 cnm
1167 2991 1301 3057 lllanilio

182 3106 218 3168 et
238 3099 374 3182 Achille,
399 3103 436 3164 ut
454 3101 515 3163 hac
539 3099 668 3164 ratione
691 3100 869 3182 firmentur,
890 3119 973 3180 qnae
992 3099 1139 3164 Zellerus
1161 3100 1201 3164 de
1220 3099 1301 3164 libro

182 3208 264 3290 ,περὶ
287 3207 423 3289 κόσμον(
447 3204 595 3270 coniecit.

273 3313 389 3395 Capite
427 3320 443 3378 1
481 3316 595 3378 auctor
628 3311 932 3395 contemplationem
968 3313 1092 3395 mundi,
1126 3333 1187 3393 quo
1222 3311 1304 3377 nihil

181 3421 358 3507 pulchrius
383 3421 463 3486 nihil
486 3419 746 3504 magnificentius
771 3420 824 3502 sit,
854 3420 985 3486 srnnmis
1016 3421 1168 3485 laudibus
1199 3419 1302 3484 effert.

181 3530 236 3596 Ad
261 3534 387 3595 tantam
410 3548 478 3594 rem
502 3549 596 3594 unam
623 3527 763 3593 animam
788 3527 945 3593 accedere
969 3545 1079 3609 posse:
1105 3528 1220 3610 ,ἐπειδὴ
1242 3528 1302 3609 γὰρ

184 3639 246 3719 οῦχ
284 3637 352 3700 οἷόν
390 3661 421 3699 τε
458 3636 498 3718 ἦν
534 3645 580 3718 τῷ
616 3638 738 3718 σώματι
779 3637 821 3705 εἰς
854 3635 908 3698 τὸν
946 3637 1095 3717 οὐράνιον
1129 3636 1304 3718 ἀφικέσθαι

183 3744 283 3806 τόπον
308 3793 313 3806 .
339 3793 345 3805 .
371 3790 395 3817 .,
420 3745 439 3824 ἡ
472 3749 548 3824 γοῦν
576 3743 664 3824 φνχὴ
691 3742 741 3805 διὰ
773 3743 971 3824 φιλοσοφίας,
994 3743 1136 3824 λαβοῦσα
1160 3742 1303 3825 ἡγεμόνα

183 3851 240 3914 τὸν
268 3857 354 3924 νοῦν,
383 3851 565 3932 ἐπεραιώθη
598 3850 650 3912 καί
681 3850 876 3932 ἒξεθήμησεν
903 3850 1097 3912 ἀκοπίαστόν
1129 3873 1193 3912 τινα
1226 3849 1304 3912 ὁδὸν

184 3961 324 4041 εὑροῦσα
349 4009 355 4020 .
380 4008 386 4020 .
412 4007 417 4020 .
443 4007 448 4020 .
472 3958 593 4040 ῥᾳδίως
631 3956 718 4039 οἶμαι
754 3957 791 4019 τὰ
829 3965 1004 4040 συγγενῆ
1038 3959 1217 4039 γνωρίσασα
1251 3958 1305 4019 καὶ

185 4067 281 4146 θείῳ
304 4072 413 4147 φυχῆς
432 4066 570 4146 ὄμματι
593 4063 629 4126 τοὶ
649 4064 734 4126 θεῖα
758 4063 1025 4146 καταλαβοῦσα
1047 4113 1052 4126 .
1074 4113 1079 4126 .
1100 4073 1118 4127 .‘
1157 4063 1303 4127 Eandem

184 4173 256 4238 iere
280 4171 475 4237 sententiam
500 4171 586 4252 apud
605 4169 764 4236 Achillem
784 4189 909 4249 quoque
931 4169 1088 4252 scriptam
1112 4189 1183 4235 esse
1207 4189 1305 4251 supra

186 4319 397 4328 m-.—

280 4405 286 4433 ¹
306 4404 385 4474 Diog.
404 4404 495 4456 Laert.
517 4402 557 4455 ed.
576 4402 716 4456 llleibom.:
737 4403 780 4463 ιζί
