3194 5074
1245 471 1291 538 13

174 667 393 734 astronomiae
423 667 580 750 dixerint,
611 675 645 734 et
674 670 821 736 breviter
851 673 961 756 tangit
984 692 1054 755 coS,
1081 673 1135 756 qui
1165 675 1205 740 de
1235 677 1295 741 lrac

175 777 247 839 arte
271 766 473 856 scripserint.
500 814 537 822 -
565 775 753 842 Certissima
776 778 951 844 Posidonio
981 779 1156 847 tribuenda
1181 786 1233 847 est
1256 801 1293 848 ea

174 881 349 963 sententia,
375 901 470 963 quam
494 882 639 948 Achilles
667 886 726 950 sub
755 885 850 950 finem
879 886 973 952 huius
1005 888 1124 969 capitis
1154 888 1293 970 profert:

173 988 279 1060 ,οὐδὲν
317 988 352 1052 δὲ
397 991 581 1072 παράδοξον
620 993 673 1054 ὑπ’
711 993 900 1075 ἀνθρώπων
937 996 1092 1078 τοσαύτην
1130 997 1293 1079 αἱρεθῆναι

172 1095 316 1178 θεωρίαν
333 1097 442 1179 ’ψυχὴ
472 1097 533 1179 γὰρ
562 1103 647 1161 πᾶσα
676 1099 836 1170 ἀθάνατος
865 1102 1062 1166 κατελθοῦσα
1086 1103 1120 1176 ἐξ
1143 1104 1294 1186 οὐρανοῦ,

172 1203 371 1269 ἀνονεύουσο
396 1206 428 1275 ἐς
452 1212 586 1288 συγγενῆ
604 1205 658 1269 τὸν
676 1207 823 1289 οὐρανὸν,
843 1209 944 1272 πάντα
963 1209 1000 1272 τὰ
1020 1211 1146 1293 συνήθη
1167 1212 1293 1294 θεωρεῖ.

171 1311 225 1374 καὶ
262 1313 428 1377 ἐπισπᾶται
462 1313 545 1396 πρὸς
581 1315 619 1377 ὃν
654 1315 708 1377 καὶ
745 1316 925 1399 ἀναχθῆναι
961 1316 1150 1399 deciperant
1212 1319 1291 1384 Nam

172 1419 347 1486 secundum
370 1418 578 1485 Posidonium
601 1420 783 1486 hominibus
808 1422 944 1502 ,animus
969 1423 1065 1488 datus
1089 1430 1140 1489 est
1165 1444 1205 1490 ex
1228 1424 1293 1490 illis

172 1525 379 1607 sempiternis
415 1524 585 1610 igniuusffl,
625 1527 678 1607 qui
715 1528 758 1609 ,in
791 1530 852 1594 hoc
886 1529 1060 1611 demissus,
1094 1535 1129 1596 ut
1161 1531 1293 1613 propius

173 1631 301 1710 quidem
336 1633 448 1700 divina
482 1653 661 1717 nossemuS,
702 1640 915 1702 conversatur
952 1636 1079 1716 quidem
1115 1637 1292 1721 nobiscum,

172 1739 231 1804 sod
254 1741 370 1806 haeret
393 1741 511 1826 origini
534 1739 651 1808 suae‘3.

422 1945 452 2004 2.
498 1939 594 2022 Περὶ
616 1947 680 2023 τῆς
703 1945 775 2005 τῶν
798 1941 896 2005 ὅλων
919 1941 1047 2023 ἀρχῆς.

396 2044 497 2129 (Man.
521 2047 547 2127 I,
575 2051 759 2128 lna—146,
783 2046 901 2113 Achill.
925 2064 997 2127 cap.
1023 2047 1068 2132 3.)

259 2170 365 2237 Poeta
394 2173 566 2239 nonnullas
593 2177 741 2240 veterum
774 2171 972 2257 sententias,
998 2190 1082 2253 quae
1111 2172 1151 2236 ad
1182 2172 1293 2238 mnndi

170 2274 328 2358 originem
358 2279 538 2362 pertinent,
563 2279 704 2346 strictim
735 2284 919 2361 enumerat,
947 2279 996 2344 ita
1027 2285 1063 2344 ut
1093 2278 1291 2361 singulorum

169 2383 432 2467 philosophorum
462 2386 592 2453 nomina
626 2387 758 2453 omittat
790 2392 825 2452 et
857 2386 1000 2468 sceptice
1029 2391 1129 2469 neget
1159 2386 1291 2468 probari

168 2509 274 2574 posse,
295 2492 370 2572 quid
389 2498 480 2560 recte
499 2498 677 2560 statuatur.
718 2494 806 2559 Nihil
826 2497 877 2559 est
899 2493 934 2558 in
952 2494 1012 2558 hoc
1035 2494 1105 2558 loco
1125 2492 1291 2577 singulare

168 2597 233 2663 nisi
262 2600 323 2666 hoc
353 2620 463 2666 unum:
495 2600 731 2667 sententiarum
765 2601 843 2666 ordo
877 2599 918 2665 ad
949 2600 1129 2680 doctrinae,
1153 2619 1216 2665 non
1249 2600 1291 2666 ad

168 2706 325 2787 temporis
356 2707 516 2774 rationem
549 2708 746 2790 compositus
778 2714 839 2772 est.
891 2704 1003 2771 Prima
1036 2710 1087 2772 est
1118 2706 1205 2788 eius,
1236 2707 1291 2787 qui

169 2817 338 2879 aeternum
357 2816 508 2881 mundum
525 2835 597 2882 esse
612 2821 646 2882 et
662 2814 787 2898 origine
802 2832 916 2880 carere
930 2811 1069 2879 iudicat:
1089 2812 1288 2879 Aristotelis

169 2919 330 2986 Secuntur
356 2921 533 3006 Hesiodus,
558 2923 613 3004 qui
636 2943 677 2989 ex
706 2924 802 3004 chao,
826 2920 1002 3003 EpicuruS,
1028 2920 1147 3000 quiex
1171 2921 1289 2986 atomis

169 3027 308 3092 omnium
337 3029 465 3095 initium
494 3030 626 3096 ducunt.
671 3029 770 3096 Venit
802 3028 919 3094 deinde
948 3031 1048 3110 potita
1072 3027 1115 3092 ad
1139 3046 1209 3110 eos,
1234 3027 1288 3108 qui

170 3151 212 3197 ex
245 3135 413 3202 elementis
445 3137 555 3202 mundi
591 3135 748 3219 originem
780 3139 947 3217 repetunt:
983 3136 1150 3217 Hippasus
1187 3135 1290 3201 Hera-

168 3241 329 3323 clitusque
353 3263 393 3308 ex
416 3243 502 3327 igne,
522 3245 643 3309 Thales
666 3263 707 3310 ex
726 3263 820 3326 aqua,
840 3243 1054 3324 Empedocles
1073 3262 1113 3308 ex
1134 3247 1289 3323 quattuor

169 3349 339 3415 elementis
362 3355 553 3434 generatum
578 3370 650 3417 eum
674 3369 746 3416 esse
769 3346 916 3416 docent4.

259 3491 267 3522 ¹
288 3491 331 3546 Sic
348 3492 419 3546 Man.
438 3494 474 3560 11,
495 3494 546 3547 123
564 3510 615 3560 sq.:
636 3492 712 3561 (Quis
731 3491 834 3545 caelum
853 3489 1034 3559 cognovisset)

348 3581 391 3648 ,Ni
409 3588 501 3637 tantos
520 3583 615 3637 animis
635 3583 725 3637 oculos
743 3587 841 3636 natura
859 3579 977 3634 dedisset

347 3672 548 3743 Cognatamque
567 3673 607 3726 sui
626 3680 743 3727 mentem
762 3670 890 3725 vertisset
908 3669 942 3722 ad
960 3668 1073 3737 ipsam?‘

259 3760 342 3815 ²Oic.
362 3762 394 3815 de
412 3778 469 3831 rep.
488 3762 535 3829 VI,
557 3764 604 3830 153
629 3761 663 3816 of.
683 3762 804 3826 Gorssen,
824 3760 857 3813 de
875 3757 1019 3812 Posidonio
1038 3756 1151 3824 Rhodio,
1177 3757 1287 3811 Bonnuc

170 3852 247 3917 lere,
266 3868 291 3919 p.
310 3854 354 3905 46.

258 3939 347 3994 3ὃειι.
367 3956 408 4009 ep.
426 3942 470 4008 41,
490 3943 521 4008 53
541 3941 574 3995 of.
595 3941 708 3995 Corssen
727 3940 744 3993 l.
764 3940 782 4004 l.
800 3956 825 4007 p.
844 3940 888 3991 43.

257 4029 268 4060 ⁴
286 4031 416 4084 Similiter
424 4031 574 4085 Heracleon
582 4029 783 4100 grammaticus,
798 4028 821 4081 is
831 4027 875 4094 qui
886 4025 1106 4080 commentarium
1115 4025 1286 4079 Homericum

168 4119 283 4188 scripsit,
302 4120 369 4174 liaeo
386 4119 487 4189 placita
506 4125 653 4173 enumerat.
686 4118 759 4172 Sext.
774 4116 834 4170 adv.
853 4116 937 4170 math.
951 4115 985 4180 X,
1000 4116 1052 4167 313
1071 4131 1143 4181 sqq.:
1163 4114 1215 4180 ,Ἐξ
1229 4113 1286 4172 ἑνὸς

168 4209 262 4262 δὲκαὶ
286 4217 363 4262 ποιοῦ
386 4210 540 4278 γεγενῆσθαι
566 4208 596 4262 τὰ
620 4207 704 4260 πάντα
723 4205 844 4259 θέλουσιν
870 4207 899 4256 οἵ
914 4225 940 4256 τε
957 4203 1017 4270 περὶ
1037 4203 1080 4256 τὸν
1094 4204 1221 4256 Ἵππασον
1239 4203 1285 4256 καὶ

165 4299 314 4367 Ἀνοξιμὲνη
334 4299 379 4352 καὶ
401 4299 476 4366 Θαλῆ
494 4339 500 4351 .
522 4339 527 4350 .
548 4339 554 4351 .
573 4299 603 4351 ι’νι
622 4298 750 4350 πλειόνων
769 4294 862 4347 δὲκαὶ
881 4294 1046 4360 ἀριθμητῶν,
1066 4293 1141 4344 δυοῖν
1158 4291 1206 4359 μὲν
1225 4333 1231 4346 .
1252 4333 1258 4345 .
1279 4333 1284 4344 .

163 4391 296 4458 Ὅμηρος.
313 4431 318 4442 .
335 4389 505 4456 ,Ξενοφάνης
520 4428 524 4439 .
542 4428 547 4440 .
564 4428 569 4440 .
585 4389 731 4454 Εὐριπίδης
747 4426 752 4439 .
770 4425 775 4437 .
792 4425 812 4449 .,
828 4383 858 4435 εἰι
870 4383 1004 4449 τεσσάρων
1018 4381 1048 4434 δὲ
1060 4383 1075 4432 ὁ
1086 4382 1284 4449 Ἰσίιτιεθοκιῖῆις.4

168 4480 243 4532 Diels
261 4480 320 4534 dox.
339 4497 364 4547 p.
383 4480 416 4531 91
437 4493 475 4542 sq.
