3194 5074
1225 448 1270 515 37

157 647 245 733 (nam
270 650 346 714 iuna
374 649 473 715 efficit
501 650 579 716 solis
610 651 852 735 deiectionemi)
882 659 900 716 9
928 653 999 735 περὶ
1027 654 1197 735 ἐκλείψεως
1220 659 1276 735 τῆς

156 758 299 840 σελήνης.
353 756 569 836 Sequentibus
604 757 798 823 Posidonius
833 758 1020 840 exposuisse
1056 757 1196 840 videtur,
1232 759 1277 821 ὅτι

155 863 213 946 τὴν
256 865 394 927 ἐναντίαν
436 874 481 946 τῷ
521 865 638 946 κόσμῳ
684 866 803 946 κίνησιν
844 867 875 927 oi
919 867 1071 949 πλάνητες
1115 872 1278 930 ποιοῦνται

157 967 299 1053 (Gemin.
325 989 395 1051 cap.
423 969 489 1055 10).

247 1076 406 1142 Extrema
434 1081 530 1158 parte
561 1077 668 1142 altera
690 1095 744 1141 res
768 1082 842 1142 erat
864 1078 935 1160 περὶ
956 1083 1022 1141 τῶν
1046 1080 1079 1143 ἒν
1099 1086 1139 1162 γῇ
1164 1081 1278 1152 ζωνῶν

158 1180 301 1267 (Gemitu.
335 1202 406 1265 cap.
441 1189 491 1266 12,
523 1183 603 1248 Aah.
629 1181 685 1265 29)
716 1187 751 1248 ei
777 1184 849 1265 περὶ
878 1186 1036 1267 οἰκήσεων
1060 1183 1200 1269 (Gemin.
1229 1189 1278 1269 13,

156 1289 239 1354 Ach.
265 1295 306 1353 30
331 1294 365 1354 et
390 1287 456 1374 31),
481 1289 600 1371 quippe
624 1308 707 1369 quae
736 1308 789 1354 res
818 1291 939 1356 asciis
963 1291 1081 1356 itinere
1104 1291 1279 1373 pendeant.

158 1395 209 1460 df.
235 1396 307 1461 Son.
333 1401 400 1462 nat.
433 1406 559 1476 quaest.
587 1397 630 1478 Π,
658 1400 733 1477 1,4:
759 1447 777 1478 ,.
804 1446 844 1461 ..
876 1396 962 1461 inter
992 1398 1148 1463 caelestia
1177 1401 1210 1461 et
1240 1398 1280 1461 de

156 1510 251 1568 terra
275 1502 443 1569 dicendum
468 1503 532 1568 erit
556 1553 563 1567 .
590 1554 596 1567 .
623 1553 629 1566 .
656 1509 690 1566 5:
715 1508 752 1567 at
782 1502 837 1567 ubi
862 1510 1047 1585 quaeretur,
1073 1503 1143 1584 quis
1173 1508 1281 1568 terrae

158 1608 244 1675 situs
275 1608 327 1692 sit,
353 1629 416 1689 qua
447 1618 543 1691 parte
574 1608 684 1674 mundi
715 1609 909 1691 consederit,
939 1611 1095 1690 quomodo
1125 1611 1282 1677 adversus

158 1715 271 1781 sidera
301 1717 489 1796 caelumque
519 1715 628 1798 posita
658 1716 712 1798 sit,
744 1719 826 1786 haec
857 1717 1005 1797 quaestio
1036 1718 1131 1782 cedet
1162 1717 1283 1798 superi-

158 1822 335 1888 oribus..
363 1873 369 1887 .
395 1826 413 1888 .‘
470 1823 533 1888 Cur
565 1822 719 1888 Manilius
752 1822 1009 1889 habitationibus
1043 1822 1142 1889 alium
1180 1824 1282 1888 locum

159 1929 324 2012 tribuerit,
350 1929 478 1995 ostendi
500 1952 532 2013 p.
559 1936 611 1994 35.

251 2036 362 2102 Partis
380 2037 499 2102 tertiae
515 2036 655 2119 optimus
670 2041 784 2112 auctor
803 2041 854 2101 est
868 2036 1065 2102 Aristoteles
1079 2042 1282 2118 personatus,

159 2164 226 2208 non
254 2144 388 2209 multum
418 2145 532 2210 valent
563 2142 716 2209 Manilius
745 2150 779 2208 et
802 2143 956 2210 Achilles.
1007 2144 1040 2208 Is
1064 2163 1170 2209 rerum
1195 2144 1282 2236 ordo,

160 2250 218 2330 qui
242 2251 327 2332 apud
352 2260 543 2333 anonymum
576 2253 697 2332 exstat,
722 2269 785 2315 nou
816 2269 895 2316 sane
927 2251 1069 2330 quadrat
1088 2251 1141 2315 ad
1165 2269 1282 2315 morem

161 2355 383 2422 descendendi
413 2377 433 2421 a
463 2357 683 2439 superioribus
714 2357 756 2422 ad
786 2356 952 2424 iuferiora.
1000 2359 1134 2438 Tamen,
1158 2361 1195 2421 ut
1219 2377 1284 2422 cre-

161 2465 277 2529 damus
306 2484 325 2528 a
355 2463 527 2530 Posidonio
559 2483 630 2529 eum
664 2465 793 2529 ductum
819 2483 900 2547 esse,
926 2485 962 2530 eo
992 2464 1132 2529 fortasse
1156 2463 1284 2528 facilius

160 2570 363 2652 adducimur,
390 2572 474 2650 quod
494 2571 620 2636 Seneca
643 2575 711 2635 nat.
732 2576 858 2650 quaest.
877 2571 989 2635 eodem
1009 2570 1077 2635 iere
1097 2571 1200 2652 modo,
1222 2590 1283 2649 quo

160 2699 342 2762 anonymus
365 2677 603 2763 progreditur¹.

241 2787 617 2854 Pseudaristoteles:
933 2783 1106 2848 Seneca:

866 2890 919 2972 (ci.
944 2890 1062 2955 Miiller
1085 2890 1107 2953 l.
1131 2887 1168 2972 Ι.)

159 3003 188 3066 Ι.
213 3001 251 3064 τὰ
275 3003 309 3074 ἐξ
326 3003 427 3083 ὑγρᾶς
447 3002 696 3082 ἀναθυμιάσεως
749 2999 770 3065 l.
795 2999 845 3062 ΠΙ
868 2999 911 3062 Μ.
938 2996 997 3082 (IV
1007 2999 1038 3062 b.
1063 2993 1190 3079 Haase)

160 3109 332 3192 γιγνόμενα
352 3108 398 3193 (p.
417 3113 481 3172 394
500 3128 520 3172 a
539 3109 645 3172 lit—b
662 3104 695 3191 6)

299 3214 526 3281 describuntur
573 3215 695 3296 ὁμίχλη,
840 3210 941 3274 multa
954 3209 1155 3289 exciderunt,
1167 3208 1283 3272 deinde

299 3322 424 3403 δρόσος,
439 3324 545 3404 νέφος,
563 3322 695 3402 ὄμβρος,
840 3315 960 3380 dicitur
970 3317 1009 3380 de
1019 3315 1178 3398 grandine
1189 3335 1282 3396 capp.

299 3429 387 3509 χιών,
411 3428 511 3509 χάλαζ
535 3477 541 3490 .
841 3421 1282 3504 3-7,deniveoapp.8—fiu.

165 3537 377 3544 ——-.-.-.-——

257 3567 264 3596 ¹
284 3567 420 3620 Adversus
440 3582 479 3631 aa,
495 3582 563 3632 quae
578 3566 608 3619 G.
623 3566 729 3631 Miiiler,
749 3565 782 3618 de
801 3565 830 3618 L.
845 3563 950 3617 Annaei
965 3563 1082 3616 Senecae
1101 3569 1204 3629 quaest.
1219 3567 1283 3627 nat,

162 3657 228 3711 diss.
247 3656 332 3709 Bomr.
353 3657 429 3720 1886,
455 3672 480 3723 p.
499 3657 534 3707 24
556 3655 662 3721 statuit,
689 3654 855 3721 scripserunt
881 3653 1078 3717 Gundermann,
1105 3669 1166 3706 anu.
1190 3652 1283 3705 Fleck-

163 3747 249 3800 eisen.
269 3746 327 3810 141,
346 3762 372 3812 p.
391 3745 441 3796 351
463 3749 491 3797 et
509 3749 571 3811 post
588 3759 647 3797 eum
667 3743 756 3797 Allers
774 3742 838 3796 ibid.
859 3743 918 3807 145,
941 3758 966 3809 p.
987 3743 1036 3794 621
1058 3758 1114 3808 sqq.
1156 3739 1207 3806 Qui
1224 3756 1279 3808 pro·

164 3836 230 3888 bare
244 3833 355 3888 student
368 3833 495 3886 Senecam
509 3833 654 3886 secundum
674 3848 734 3886 eum
753 3831 881 3895 ordinem,
901 3845 979 3896 quem
993 3831 1029 3894 II,
1046 3831 1147 3895 1,1-2
1167 3829 1283 3894 exbibet,

161 3923 280 3993 primum
298 3921 435 3988 caelestia,
455 3921 551 3975 deinde
570 3919 701 3985 sublimia,
720 3925 855 3987 postremo
874 3924 984 3972 terrena
1002 3917 1171 3972 tractavisse.
1207 3919 1284 3972 Inter

163 4010 294 4068 caelestia
319 4016 410 4064 autern
436 4017 553 4064 cometas
573 4010 658 4078 (VII),
684 4024 769 4074 areas,
789 4023 875 4073 arcus
901 4007 1047 4076 virgas(1)
1074 4007 1196 4060 habenda
1216 3997 1303 4061 esses

164 4100 243 4168 Quod
261 4115 338 4153 aecus
357 4104 406 4153 est.
438 4100 508 4152 Nam
526 4115 613 4164 areae,
633 4114 719 4162 arcus,
738 4095 832 4165 virgae
850 4112 903 4148 nou
921 4095 949 4149 iu
963 4095 1062 4148 vicinia
1080 4095 1197 4148 siderum
1215 4095 1284 4148 fiunt

163 4193 199 4260 (Ι,
215 4191 240 4254 2,
255 4191 292 4256 3),
308 4189 355 4242 sed
369 4189 404 4241 ad
418 4204 450 4241 ea
470 4188 608 4255 pertinent
623 4201 805 4254 ‚quaecunque
827 4189 874 4238 aer
888 4185 954 4238 tacit
968 4184 1133 4252 patiturque
1148 4184 1195 4253 (H,
1212 4186 1235 4248 1,
1245 4187 1282 4252 2).

163 4281 292 4334 Cometes
317 4277 418 4332 Seneca
445 4277 533 4330 sidera
561 4293 619 4330 esse
646 4274 790 4329 existimat.
835 4274 887 4327 Sed
909 4273 1043 4326 uberrime
1066 4273 1169 4325 refutat
1192 4287 1282 4325 eorum

162 4366 337 4432 seutentiam,
357 4365 402 4433 qui
427 4365 504 4434 ignes
529 4364 589 4419 illos
607 4365 665 4418 aeri
687 4363 846 4418 attriburmt.
885 4361 972 4428 Quare
994 4360 1084 4415 nescio
1110 4377 1144 4414 au
1162 4367 1281 4414 veterem

162 4458 287 4515 ordinem
305 4456 463 4512 servaverit.
