3194 5074
241 1648 422 1744 Posidonii
449 1677 560 1758 libros,
585 1675 639 1756 qui
666 1678 747 1758 ,περὶ
774 1679 959 1758 μετεώρων(
986 1678 1135 1760 inscripti
1164 1683 1269 1759 erant,

152 1785 321 1850 Prisciano
337 1785 428 1867 Lydo
446 1795 580 1849 auctore
595 1783 749 1848 Geminus
765 1782 958 1865 excerpsiu.
983 1784 1111 1850 Gemini
1129 1784 1270 1866 epitome

151 1912 172 1956 a
186 1892 397 1973 compilatore
413 1891 551 1971 quodam
566 1895 737 1972 amputata
752 1890 785 1956 in
799 1892 884 1955 hanc
900 1895 1045 1956 aetatem
1059 1887 1269 1972 permansit²,

152 2002 251 2076 atque
271 2016 311 2062 ex
334 1996 375 2062 iis
394 1995 553 2079 partibile,
574 2016 657 2076 quae
681 2016 701 2061 a
725 1995 844 2061 ceteris
864 1995 1046 2062 disiunctae
1065 1995 1271 2077 interierunt,

151 2103 335 2185 Simplicius
366 2105 453 2169 haud
483 2106 583 2171 breve
612 2107 711 2185 caput
741 2099 917 2170 servavit³.
969 2104 1076 2185 Ipsum
1105 2102 1272 2168 Posidonii

152 2230 232 2294 opus
256 2232 276 2277 a
299 2210 446 2294 Diogene
470 2210 604 2276 Laertio
629 2211 752 2276 duobus
775 2210 855 2276 locis
879 2207 1062 2276 laudatur4.

241 2319 333 2382 Haec
357 2317 425 2382 fere
449 2317 489 2382 de
513 2317 604 2382 libris
622 2315 688 2382 illis
707 2316 967 2399 meteorologicis
992 2320 1153 2382 constant.
1189 2317 1272 2381 Non·

152 2425 242 2490 nulla
257 2429 431 2506 praeterea
450 2445 504 2492 vv.
525 2425 578 2488 dd.
600 2424 639 2489 de
660 2424 700 2489 iis
720 2423 859 2489 divinati
879 2429 963 2506 sunt,
983 2444 1066 2504 quiae
1086 2425 1147 2489 hoc
1162 2423 1272 2488 libello

151 2530 293 2611 firmare,
318 2528 527 2610 amplificare,
553 2529 718 2611 corrigere
742 2529 942 2611 propositum
965 2528 1044 2594 mihi
1067 2534 1127 2594 est.

699 2837 729 2908 I.

445 3009 506 3075 De
530 3008 704 3076 Manilio
729 3011 771 3077 et
794 3008 984 3077 Gemino.

244 3169 386 3236 Dielsius
413 3171 495 3235 Mus.
524 3170 587 3234 Rh.
615 3171 762 3237 XXXIV
789 3192 820 3252 p.
845 3177 909 3237 490
940 3171 1104 3254 praedicit
1131 3172 1272 3236 laborem

153 3278 242 3342 haud
270 3275 398 3342 inanem
427 3281 650 3358 suscepturum
680 3296 751 3342 esse
782 3296 863 3358 eum,
888 3277 943 3356 qui
972 3276 1127 3358 inquirat,
1152 3282 1272 3357 quanto

154 3403 253 3466 opere
281 3383 434 3449 Manilius
463 3389 563 3466 poeta
589 3383 757 3450 Posidonii
786 3382 967 3449 doctrinam
997 3383 1031 3448 in
1058 3403 1150 3449 suum
1182 3403 1272 3449 usum

153 3489 364 3556 converterit.

247 3595 422 3664 Enimvero
464 3598 574 3664 multis
614 3597 693 3664 locis
735 3597 887 3663 carminis
929 3595 1152 3679 astronomici,
1189 3597 1274 3676 quod
1309 3610 1312 3615 ·

155 3704 373 3786 composuisse
404 3703 524 3785 fertur,
557 3704 671 3770 eadem
710 3704 828 3787 tradit,
863 3724 946 3786 quae
984 3705 1070 3787 apud
1103 3703 1272 3771 Geminum

246 3917 253 3945 ¹
272 3915 359 3980 Blass,
379 3915 411 3968 de
431 3915 542 3969 Gemino
561 3920 588 3970 et
608 3914 760 3982 Posidonio,
779 3915 870 3970 Kiliae
890 3917 967 3982 1883,
985 3933 1011 3984 p.
1030 3918 1047 3968 3
1065 3916 1110 3969 fin.

246 4003 342 4058 ”Nam
368 4003 473 4058 Gemini
499 4006 648 4073 ,Εἰσαγωγὴ
675 4005 711 4063 εἰς
736 4004 767 4056 τὰ
793 4007 948 4072 φαινόμεναί
971 4004 1039 4057 nihil
1064 4003 1138 4057 aliud
1157 4009 1199 4058 est
1221 4003 1273 4056 nisi

155 4093 327 4148 Posidoniani
345 4092 408 4146 libri
427 4094 550 4160 epitome,
571 4094 640 4160 quod
658 4093 779 4146 Blassius
798 4093 917 4147 ostendit
934 4093 952 4145 l.
971 4093 989 4145 l.
1008 4111 1033 4160 p.
1053 4096 1076 4147 9.

245 4183 255 4214 ³
272 4183 315 4237 Ad
333 4181 489 4236 Aristotelis
507 4183 624 4251 Physica
641 4200 666 4250 p.
686 4184 747 4249 291,
767 4185 802 4235 34
821 4183 862 4236 ed.
881 4182 968 4250 Diels3
988 4199 1013 4237 v.
1032 4183 1110 4236 Blass
1128 4182 1146 4235 l.
1165 4181 1183 4234 l.
1202 4198 1227 4249 p.
1247 4183 1273 4236 3.

244 4273 255 4304 ⁴
275 4274 335 4338 VII,
355 4273 406 4324 135
425 4276 454 4325 et
474 4273 531 4326 114.
560 4274 592 4326 V.
608 4273 690 4338 Bake,
710 4270 847 4326 Posidonii
861 4271 959 4324 Rhodii
978 4270 1107 4338 reliquiae
1126 4269 1272 4336 doctrinae,

154 4363 242 4433 Lugd.
259 4364 321 4417 But.
341 4363 418 4426 1810,
437 4378 462 4428 p.
480 4363 540 4415 242.
