3194 5074
335 452 381 523 16

420 661 577 729 Versibus
612 670 784 730 loe-172
817 665 971 732 Manilius
1008 666 1171 748 pendendi
1208 685 1372 733 causam
1397 686 1453 732 ex-

331 769 450 852 posuit,
483 791 536 838 vv.
574 776 746 837 173-193
787 792 806 838 a
839 772 1009 838 stellarum
1041 779 1131 839 motu
1163 778 1450 858 argumentum

332 875 430 958 ducit,
463 896 524 958 quo
552 880 682 960 probet,
707 883 830 944 terram
859 898 1057 962 suspensam,
1091 901 1154 947 non
1188 881 1260 963 ,imo
1289 880 1450 963 profundo

332 982 502 1049 deiectam‘
532 1003 613 1050 esse.
660 985 731 1051 Hoc
758 987 828 1051 loco
853 986 1010 1053 adversus
1041 1007 1090 1069 ca,
1116 1007 1199 1069 quae
1221 987 1383 1070 Epicurus
1407 988 1450 1052 de

264 1081 266 1090 ⁴
331 1094 404 1155 ortu
427 1093 462 1156 et
484 1090 621 1157 interitu
644 1097 804 1157 astrorum
829 1092 925 1175 dixit,
951 1095 1063 1161 eodem
1091 1093 1161 1162 fere
1185 1096 1277 1160 modo
1303 1094 1448 1176 dimicat,

331 1216 393 1276 quo
428 1198 615 1264 cleomedes
646 1219 676 1281 p.
715 1205 777 1266 158
810 1219 856 1279 sq.
888 1201 939 1265 Z.:
978 1202 1096 1275 ,Καίτοι
1132 1202 1214 1285 πρὸς
1249 1205 1346 1266 ἅπασι
1383 1208 1449 1272 τοῖς

330 1306 505 1396 εέρημένοις
533 1307 747 1377 άτστιωτάτοις
780 1306 869 1371 οὖσιν
897 1311 939 1372 ra
971 1311 1025 1373 καὶ
1056 1310 1093 1373 τὰ
1129 1312 1229 1393 ἄστρα
1262 1311 1447 1393 ἀπεφήνατο

331 1412 536 1476 ἀνατέλλοντα
564 1413 624 1495 μὲν
652 1415 848 1488 ἐξάπτεσθαι,
878 1415 1019 1499 θυόμενα
1051 1418 1086 1481 δὲ
1117 1418 1310 1500 σβέννυσθαι
1335 1415 1391 1500 (--
1414 1435 1448 1482 v.

334 1524 395 1584 182
415 1516 500 1602 sqq.)
520 1569 526 1582 .
547 1570 553 1584 .
574 1570 580 1583 .
601 1570 606 1582 .
626 1520 695 1584 οὐθ’
721 1522 823 1585 έκεῖνο
842 1523 933 1606 ὑπῄει
951 1525 1045 1606 αὐτῷ,
1064 1525 1109 1588 ὅτι
1131 1531 1187 1607 τῆς
1211 1531 1268 1607 γῆς
1287 1530 1450 1606 σῳαιρικῷ

330 1633 376 1708 τῷ
395 1628 528 1708 σχήματι
549 1629 749 1710 κεχρημένης
771 1629 880 1693 ἄλλοτε
902 1630 979 1712 παρ’
1004 1631 1108 1702 ἄλλοις
1127 1632 1240 1695 ἕκαστα
1264 1632 1371 1694 αὐτῶν
1394 1630 1450 1692 καὶ

332 1733 435 1796 θύεται
457 1734 512 1797 καὶ
536 1735 692 1798 ἀνατέλλει
716 1733 772 1819 (=
797 1755 828 1801 v.
852 1742 913 1802 190
938 1737 1000 1822 sq.)
1117 1737 1189 1821 ’Ap’
1214 1736 1262 1802 ὧν
1285 1737 1324 1820 δὴ
1350 1760 1446 1799 κατα-

330 1843 438 1923 φανές,
458 1843 505 1913 ὡς
524 1842 633 1905 ἄλλοτε
651 1840 727 1924 παρ’
744 1843 849 1912 ἄλλοις
868 1843 970 1907 θύεται
987 1845 1041 1908 καὶ
1060 1845 1215 1910 ἀνατέλλει
1233 1845 1252 1909 ὁ
1270 1845 1400 1927 ἥλιος..
1417 1893 1422 1905 .
1439 1893 1446 1904 .

329 1949 440 2012 τούτου
478 1950 706 2032 συμβαίνοντος
741 1949 831 2032 παρὰ
863 1949 898 2014 τὸ
930 1953 950 2034 ἢ
982 1951 1064 2035 πρὸς
1093 1959 1130 2035 τῇ
1163 1952 1297 2034 ἀνατολῇ
1328 1951 1449 2034 μᾶλλον

328 2056 452 2119 κεῖσθαι
481 2056 536 2119 καὶ
564 2057 671 2139 τάχιον
700 2062 739 2140 τῇ
761 2063 817 2120 τοῦ
845 2058 936 2140 ἡλίου
961 2060 1077 2143 ἐκβολῇ
1101 2061 1298 2142 ἐντυγχάνειν
1322 2061 1341 2142 ἢ
1365 2056 1447 2140 πρὸς

328 2169 365 2245 τῇ
390 2163 476 2227 θύσει
500 2164 553 2226 καὶ
575 2164 708 2247 βράδιον
733 2161 789 2247 (=
813 2183 844 2230 v.
872 2164 958 2250 192).

419 2270 468 2334 De
504 2275 694 2352 argumento
732 2270 787 2336 illo
819 2271 964 2338 Achilles
996 2272 1076 2338 nihil
1109 2273 1199 2355 dicit,
1233 2273 1291 2338 sed
1323 2270 1448 2354 profert

329 2395 401 2441 earn
425 2376 632 2459 sententiam,
658 2397 753 2458 quem
767 2377 921 2444 Manilius
944 2378 1124 2465 impugnat,
1149 2399 1220 2461 cap.
1241 2385 1262 2445 4
1282 2381 1358 2464 (127
1376 2378 1445 2462 Ε.);

327 2483 542 2568 ,Ξενοφάντης
562 2485 596 2549 δὲ
616 2486 676 2549 οὐκ
697 2487 791 2548 οἴεται
812 2487 977 2569 μετέωρον
1000 2485 1148 2570 εἶναιτὴν
1171 2495 1236 2571 γῆν,
1261 2487 1338 2552 ἀλλά
1358 2487 1446 2550 κάτω

327 2593 370 2661 εἰς
393 2593 524 2674 ἄπειρον
546 2593 723 2675 καθήκειν.ί

417 2697 529 2764 Cicero
557 2699 578 2763 l.
609 2699 690 2763 let
718 2697 861 2764 Achilles
890 2718 960 2781 cap.
986 2706 1006 2764 8
1040 2700 1080 2764 dc
1103 2700 1229 2765 mundi
1262 2699 1445 2766 stabilitate

326 2806 484 2871 locuntur.
549 2805 645 2887 Apud
684 2804 853 2870 Manilium
897 2805 1003 2872 adhuc
1046 2827 1109 2872 non
1153 2806 1214 2872 nisi
1254 2807 1294 2872 de
1328 2811 1445 2872 terra

327 2913 490 2993 pendente
523 2930 575 2976 res
614 2918 696 2976 erat.
751 2911 814 2978 Sed
847 2932 910 2977 uon
943 2913 1069 2980 omnino
1103 2914 1254 2979 mundum
1287 2913 1444 2997 neglegit,

327 3036 521 3098 quamqualn
550 3037 612 3082 uon
642 3017 705 3084 nisi
734 3018 937 3100 praeteriens
968 3040 1040 3087 eum
1071 3020 1209 3104 attingit
1230 3041 1262 3088 v.
1289 3026 1353 3087 194
1375 3040 1444 3100 sqq.

647 3221 677 3280 5.
723 3216 819 3299 Περὶ
841 3220 1029 3301 σχήματος
1052 3226 1124 3302 γῆς.

549 3321 649 3406 (Man.
673 3323 700 3406 I,
726 3329 910 3406 aua-235,
935 3325 1052 3390 Achill.
1080 3343 1150 3404 cap.
1177 3323 1222 3408 6.)

415 3447 500 3514 'sota
514 3449 576 3512 hac
591 3454 686 3531 parte
701 3449 855 3514 Manilius
871 3449 910 3514 de
925 3454 1057 3513 terrae
1072 3447 1276 3514 rotunditate
1291 3448 1444 3530 loquitur,

326 3554 443 3620 iterum
455 3555 618 3620 mundus
634 3556 748 3637 paucis
762 3555 997 3637 perstringitur
1017 3554 1083 3640 (vv.
1100 3562 1163 3622 206
1177 3555 1250 3637 sq).
1285 3556 1443 3637 ,Mundus‘

325 3661 440 3744 iuquit,
466 3667 577 3744 astra,
603 3668 693 3729 terra
716 3664 858 3729 rotunda
886 3667 971 3728 sunt.
1013 3664 1096 3728 Nam
1125 3665 1207 3729 haec
1231 3667 1283 3727 est
1304 3668 1445 3728 naturae

325 3766 438 3851 forma,
459 3789 541 3849 quae
561 3789 632 3836 curn
652 3790 755 3850 neque
774 3770 902 3835 initium
921 3789 1024 3851 neque
1043 3770 1139 3835 finem
1158 3771 1290 3852 habeat,
1307 3774 1445 3836 aeterna

327 3881 361 3940 et
391 3876 531 3958 deorum,
557 3877 611 3957 qui
641 3897 704 3942 non
727 3882 895 3943 mutantur
925 3877 957 3942 in
990 3896 1071 3944 aevo
1096 3876 1141 3961 (v.
1168 3876 1255 3961 523),
1280 3875 1444 3942 simillima

327 3985 398 4048 est‘
437 3984 551 4050 .Hanc
589 3984 692 4066 ipsam
724 3984 891 4050 Posidonii
924 3984 1103 4050 doctrinam
1138 3985 1224 4065 apud
1257 3983 1444 4050 Ciceronem

325 4089 472 4172 legimus
497 4090 551 4170 qui
576 4091 616 4155 de
640 4091 727 4155 deor.
752 4097 819 4156 nat.
844 4092 887 4172 Π,
907 4095 949 4155 45
974 4088 1062 4170 sqq.¹
1088 4090 1245 4158 adversus
1268 4090 1444 4172 Epicurum

325 4203 427 4281 negat
447 4197 616 4279 quicquam
631 4198 799 4280 impedire,
817 4198 892 4277 quin
908 4198 1040 4262 deorum
1054 4196 1112 4281 (sc.
1129 4197 1250 4279 mundi,
1266 4197 1444 4283 astrorum)

416 4427 424 4459 ¹
444 4428 476 4480 V.
497 4427 658 4480 Schwenclce
677 4427 695 4480 l.
715 4426 732 4479 l.
752 4445 776 4494 p.
798 4430 848 4479 133
867 4444 923 4492 sqq.
