3194 5074
327 403 374 473 10

411 612 480 676 Iam
490 613 662 678 redeamus
672 612 714 678 ad
724 612 863 694 priorem
872 613 948 678 libri
962 612 1057 694 primi
1067 617 1204 694 partem.
1221 613 1282 680 Vr.
1295 619 1358 679 255
1370 633 1440 694 sqq.

323 716 543 800 poetamundi
563 738 656 784 axem
676 723 708 784 et
729 719 899 784 stellarum
911 719 1047 785 fixarum
1066 720 1239 802 sphaeram
1255 719 1442 787 describens

323 830 412 890 totus
444 825 514 890 iere
546 827 587 891 ab
620 826 723 892 Arato
756 824 905 908 pendet¹.
962 826 1027 892 Sed
1060 827 1147 908 apud
1179 825 1336 892 Aratum2
1368 827 1442 893 axis

324 932 460 1014 primum
490 935 593 999 locum
625 933 765 1016 obtinet,
797 934 914 998 deinde
947 952 1082 999 omnes
1113 935 1230 999 stellae
1260 934 1345 1000 fixae
1377 954 1440 1000 uno

323 1044 437 1105 tenore
469 1045 699 1106 enumerantur
735 1079 778 1086 -
816 1042 903 1123 apud
935 1040 1103 1106 Manilium
1141 1041 1308 1107 duodecim
1345 1041 1440 1107 zodia

324 1147 555 1229 anticipantur,
580 1152 733 1214 secuntur
763 1148 834 1212 axis
865 1153 899 1214 et
926 1148 1072 1228 reliquae
1100 1149 1217 1214 stellae
1244 1149 1438 1214 inerrantes.

324 1253 409 1335 Quid
438 1259 568 1336 podiam
598 1255 780 1320 Romanum
811 1254 962 1337 adduxit,
992 1261 1029 1320 ut
1058 1255 1169 1337 inepte
1199 1255 1324 1320 medias
1353 1256 1440 1321 inter

324 1361 438 1426 stellas
462 1361 544 1427 fixas
568 1381 664 1434 axem,
694 1361 919 1428 describerat?
946 1400 986 1408 -
1012 1367 1049 1427 ut
1072 1363 1238 1428 zodiacum
1270 1382 1290 1428 a
1321 1361 1439 1428 ceteris

322 1466 424 1549 signis
454 1474 634 1550 separaret,
666 1475 821 1549 tanquam
853 1469 1021 1534 duodecim
1052 1469 1109 1534 illa
1137 1468 1232 1551 signa
1260 1489 1323 1534 non
1354 1469 1438 1534 inter

322 1593 362 1638 ea
386 1575 536 1640 habenda
560 1580 679 1656 essent,
704 1595 788 1656 quae
813 1595 884 1641 cum
907 1580 978 1641 toto
1003 1577 1093 1641 caelo
1118 1575 1237 1641 circum
1262 1595 1355 1642 axem
1376 1575 1440 1642 vol·

323 1683 466 1747 vantur?
515 1683 585 1748 Non
618 1691 741 1749 temere
773 1683 928 1748 Manilius
960 1683 1057 1748 Arati
1093 1683 1258 1749 meliorem
1296 1683 1437 1749 ordinem

322 1788 516 1858 immutavit.
573 1791 656 1855 Nam
688 1789 842 1856 Geminus
876 1809 1001 1870 quoque
1035 1790 1075 1856 de
1112 1790 1245 1857 zodiaco
1279 1789 1364 1874 (cap.
1397 1787 1439 1873 Ι.)

322 1901 399 1961 ante
430 1902 542 1962 cetera
573 1897 667 1980 signa
698 1897 783 1978 (cap.
808 1897 866 1982 Il.)
897 1899 1000 1964 verba
1030 1896 1120 1962 iacit.
1175 1897 1221 1963 cf.
1245 1896 1440 1979 praesertim

323 2023 394 2086 cap.
419 2005 461 2068 ΙΙ.
486 2004 540 2088 in,
565 2025 595 2086 p.
624 2012 663 2070 12
685 2007 739 2069 A.:
772 2006 828 2088 ,Tol
856 2008 1120 2088 κατηστερισμένα
1151 2008 1251 2088 ἄστρα
1282 2006 1440 2088 διαιρεῖται

323 2113 365 2181 εἰς
394 2114 477 2195 μέρη
505 2115 575 2194 τρία
592 2115 634 2176 ,ἃ
665 2114 723 2195 μὲν
752 2113 813 2195 γὰρ
842 2115 948 2176 αὐτῶν
972 2114 1023 2176 ε’πὶ
1051 2119 1106 2176 τοῦ
1130 2113 1294 2186 ζωδιακοῦ
1318 2113 1439 2176 κύκλου

322 2224 425 2299 κεῖται,
446 2222 465 2281 ἃ
486 2220 522 2283 δὲ
545 2221 661 2301 λέγεται
680 2220 798 2303 βόρεια,
819 2223 839 2282 ἃ
860 2220 895 2283 δὲ
912 2221 1179 2302 προσαγορεύεται
1197 2220 1301 2283 νότια.ί
1331 2218 1439 2283 Primo

322 2322 423 2405 igitur
457 2331 566 2407 poeta,
604 2344 675 2390 cum
712 2345 765 2392 vv.
806 2331 982 2391 aaa—274
1023 2325 1188 2390 zodiacum
1231 2323 1438 2406 anticiparet,

322 2429 530 2497 Posidonium
563 2437 729 2498 auctorem
761 2435 905 2499 habebat
936 2471 977 2478 —
1011 2432 1076 2496 iam
1107 2431 1186 2496 licet
1223 2432 1283 2496 hoc
1320 2430 1439 2495 dicere.

323 2539 361 2602 V.
394 2546 455 2604 275
496 2540 538 2605 ad
576 2540 712 2606 Aratum
751 2539 894 2606 transiit.
957 2539 1147 2605 Omittenda
1182 2537 1338 2607 videlicet
1374 2543 1443 2602 tum

324 2653 428 2731 erant,
454 2667 537 2728 quae
562 2654 639 2713 ante
663 2650 864 2715 absolverat:
890 2647 1017 2713 zodiaci
1040 2647 1144 2729 signa.

411 2755 591 2820 Praeterea
614 2775 679 2821 una
701 2756 735 2821 in
758 2775 794 2821 re
819 2762 918 2835 atque
943 2774 983 2820 ea
1006 2753 1203 2836 gravissima
1227 2751 1379 2817 Manilius
1398 2753 1440 2817 ab

323 2861 426 2924 Arato
471 2861 619 2927 discedit.
691 2863 836 2928 Graecus
881 2860 965 2926 enim
1002 2864 1103 2941 poeta
1147 2861 1188 2924 ab
1234 2858 1358 2923 oriente
1397 2859 1440 2922 ad

323 2966 532 3050 occidentem,
552 2969 716 3034 Romanus
737 2971 778 3034 ab
798 2969 966 3035 occidente
986 2967 1028 3032 ad
1048 2966 1205 3032 orientem
1228 2964 1442 3048 progrediens

323 3073 418 3155 signa
448 3081 626 3140 enumerat.
678 3076 756 3141 Cum
786 3076 920 3142 Manilio
952 3075 1166 3141 conferendus
1196 3079 1247 3138 est
1275 3070 1441 3153 Geminus

324 3179 379 3260 qui
401 3200 432 3262 p.
460 3188 499 3247 la
524 3182 562 3246 Ε.
592 3187 626 3248 et
651 3188 690 3248 13
715 3184 764 3265 B,
794 3184 857 3248 etsi
887 3203 952 3248 non
981 3183 1116 3248 eundem
1146 3180 1300 3261 ordinem,
1331 3183 1441 3243 tamen

323 3288 459 3353 eandem
483 3290 692 3356 enumerandi
717 3291 928 3356 directionem
953 3290 1095 3355 exhibet.

410 3397 552 3463 Restant
593 3399 654 3464 duo
691 3398 755 3463 loci
792 3396 977 3476 Maniliani,
1021 3395 1060 3458 de
1096 3393 1211 3472 quibus
1247 3394 1309 3458 hac
1344 3398 1440 3475 parte

321 3503 467 3570 breviter
490 3504 658 3570 dicendum
686 3511 746 3569 est.

410 3612 470 3678 Vv.
510 3618 573 3676 216
611 3631 673 3692 sq:
712 3627 879 3692 ,nusquam
916 3605 1062 3673 invenies
1099 3606 1225 3690 fulgere
1264 3607 1439 3690 Canopum,

645 3718 757 3781 Donec
779 3714 925 3780 Niliacas
948 3734 1007 3796 per
1030 3719 1163 3797 pontum
1188 3714 1318 3780 veneris
1342 3716 1438 3778 oras‘

411 3825 500 3889 Idem
534 3823 629 3889 docet
661 3823 817 3888 Geminus
849 3842 919 3904 cap.
953 3823 996 3887 ll.
1027 3823 1092 3904 fin,
1124 3841 1154 3903 p.
1189 3826 1227 3887 13
1258 3823 1298 3886 D.
1344 3822 1441 3886 Hanc

322 3931 436 3996 falsam
461 3930 720 3997 observationem
745 3929 846 4012 ipsius
870 3949 941 3995 esse
964 3928 1132 3996 Posidonii
1150 3929 1297 3995 Blassius
1320 3929 1441 4010 probat

412 4213 422 4250 ¹
441 4216 473 4267 V.
492 4214 563 4268 iufra
580 4232 605 4283 p.
624 4217 658 4267 47
677 4231 733 4282 sqq.

413 4302 423 4333 ²
444 4305 517 4358 Φαιν.
535 4322 578 4358 vv.
597 4308 631 4358 20
649 4321 706 4372 sqq.
