3194 5074
336 433 385 500 20

333 638 497 705 invenisse
527 638 590 704 sibi
613 638 754 720 videtur,
780 639 863 719 quod
888 638 1041 703 Manilius
1070 639 1091 702 l.
1115 638 1136 701 l.
1162 636 1251 702 dieu.
1297 637 1453 719 Legimus

334 747 419 826 apud
445 746 603 811 Achillem
628 747 719 827 haee,
744 765 775 827 p.
803 751 862 811 147
888 746 942 814 M:
968 746 1092 827 ,λέγεται
1112 745 1145 809 ὁὲ
1164 745 1366 828 ἀνταρκτικὸς
1385 745 1452 808 ἀπὸ

332 860 386 916 τοῦ
420 855 558 923 ἐναντίος
591 854 715 916 κεῖσθαι
746 861 793 934 τῴ
825 854 967 935 ἀρκτικῷ
992 904 998 917 .
1025 903 1031 916 .
1058 902 1063 914 .
1089 862 1106 915 .‘
1130 871 1161 933 p.
1189 856 1250 916 148
1274 853 1328 916 A.:
1351 855 1380 935 ,ἢ
1406 853 1452 915 ὅτι

332 959 399 1030 ἷσός
416 961 479 1024 ἐστι
496 968 542 1040 τῷ
556 961 696 1042 ἀρκτικῷ
713 967 767 1042 τῆς
787 959 872 1030 ,ἀντὶι
889 960 1077 1042 προθέσεως
1095 959 1131 1021 τὸ
1150 958 1218 1022 ἴσον
1236 960 1453 1041 σημαινούσης

333 1067 379 1135 ὡς
401 1067 435 1129 ἒν
457 1075 503 1147 τῴ
523 1067 676 1148 ,ἀντίθεον
695 1066 907 1148 ὁερὸποντὸί.ι
941 1065 1003 1131 Sed
1028 1064 1175 1131 videmus
1199 1065 1239 1130 de
1262 1065 1367 1130 stellis
1391 1066 1452 1128 hue

331 1173 401 1237 luen
432 1175 558 1238 omnino
588 1171 666 1237 nihil
700 1172 821 1238 dietum
854 1191 935 1237 esse.
989 1172 1181 1254 Exemplum
1215 1177 1324 1237 autem
1355 1173 1452 1236 (lueet

331 1278 443 1359 graeei
476 1278 618 1345 aucturis
650 1281 751 1344 verba
784 1278 867 1343 falsu
898 1277 1048 1360 intellegi
1078 1297 1183 1360 posse.
1237 1279 1331 1359 Apud
1362 1278 1451 1343 Pusi-

331 1384 458 1448 donium
489 1384 644 1450 videlieet
674 1385 827 1449 Manilius
856 1403 896 1450 ea
923 1385 1034 1467 legere
1062 1389 1203 1466 poterat.
1251 1384 1449 1450 cluenti.

331 1508 401 1570 eap.
426 1494 447 1553 4
471 1488 516 1573 (p.
544 1495 582 1554 15
608 1489 662 1574 A.)

518 1691 548 1750 8.
596 1685 689 1768 Περὶ
712 1692 787 1749 τῶν
812 1688 850 1749 ἓν
872 1694 914 1770 τῇ
938 1688 1081 1770 σφαίρᾳ
1105 1689 1266 1751 κύκλων.

488 1792 589 1876 (Man.
614 1794 639 1874 l,
665 1798 850 1874 tel-804,
876 1793 991 1858 Aehill.
1018 1813 1111 1875 capp.
1137 1796 1292 1880 aaut.)

417 1917 467 1980 De
494 1917 732 1983 astrunumienn
755 1919 817 1984 hac
841 1923 936 2000 parte
961 1938 1060 2000 supra
1085 1918 1152 1984 dixi
1176 1939 1207 1999 p.
1233 1924 1251 1983 5
1276 1937 1344 1999 sqq.

416 2024 561 2089 Achilles
585 2026 625 2089 ‹le
649 2025 699 2090 his
724 2025 853 2091 circulis
877 2032 911 2090 et
935 2026 1001 2091 alia
1025 2032 1059 2090 et
1087 2026 1201 2091 eadem
1227 2025 1295 2091 fere
1320 2026 1450 2091 Poside-

327 2131 426 2197 niana
450 2131 585 2215 punient,
606 2153 690 2213 quae
715 2135 801 2215 apud
820 2134 988 2200 Manilium
1013 2139 1047 2199 et
1065 2134 1448 2230 Geminuminveninms.

417 2239 652 2304 Panalleluuum
697 2239 857 2322 definitio,
900 2260 983 2320 quae
1030 2246 1142 2305 exstat
1188 2243 1274 2322 apud
1319 2247 1448 2324 poetam

328 2365 380 2412 vv.
407 2352 467 2410 601
495 2366 553 2426 sq„
587 2367 607 2412 a
639 2347 813 2413 Posidonio
848 2348 947 2414 dueta
980 2354 1040 2429 est,
1075 2349 1160 2428 qumi
1193 2349 1266 2414 ulim
1301 2349 1450 2432 Scaliger

329 2451 530 2520 annotavit&

417 2559 562 2624 Achilles
586 2579 657 2642 cap.
684 2567 723 2626 25
748 2561 802 2626 fin.
828 2561 963 2626 eandem
988 2567 1218 2627 commemorat
1241 2567 1340 2642 atque
1364 2563 1449 2628 affir-

328 2671 396 2730 mat
420 2687 440 2730 a
463 2666 559 2731 lineis
584 2667 717 2732 directis
742 2688 812 2733 eam
839 2669 881 2732 ad
905 2668 1043 2733 circulus
1066 2671 1261 2736 translatam
1286 2689 1367 2736 esse.

510 2774 668 2840 Manil.:
1097 2777 1264 2842 Achill:

329 2881 511 2946 Intervalla
562 2881 635 2962 pari
690 2885 861 2947 servantes
961 2881 1166 2966 Παράλληλοί
1178 2885 1212 2948 ὁὲ
1224 2886 1407 2968 ἐκλήθησαν
1420 2889 1450 2950 οἱ

372 2987 474 3051 limite
498 3006 626 3068 semper
916 2987 939 3050 ε’
967 2989 1080 3053 κύκλοι
1102 2991 1167 3054 ἀπὸ
1190 2997 1254 3054 τῶν
1276 2991 1362 3074 παρὰ
1386 3000 1451 3063 τοῖς

329 3093 526 3172 Divisusque
557 3095 658 3158 semel
688 3093 769 3158 fines
799 3113 863 3158 sor·
917 3097 1110 3178 γεωμέτραις
1123 3099 1333 3180 παραλλήλων
1345 3123 1448 3182 γραμ-

373 3203 501 3278 temque
526 3199 678 3264 ditatam.
916 3208 989 3284 μῶν
1014 3253 1020 3265 .
1046 3253 1052 3265 .
1078 3253 1116 3265 ..
1151 3204 1258 3286 φαμὲν
1300 3204 1367 3278 οὗν,
1405 3208 1452 3269 ὅτι

914 3310 1113 3392 παράλληλοί
1152 3311 1226 3372 εἰσιν
1268 3313 1298 3375 οἱ
1337 3313 1452 3376 κύκλοι

799 3436 801 3441 ’
913 3417 1028 3499 μεταξὺ
1057 3417 1203 3499 ἀλλήλων
1232 3419 1296 3481 ἀπὸ
1319 3443 1450 3502 περιφε-

915 3526 1000 3605 ρείας
1025 3524 1075 3585 ἐπὶ
1097 3525 1308 3606 περιφέρειαν
1325 3526 1360 3589 τὸ
1380 3526 1452 3590 ἴσον

913 3629 973 3711 μὲν
995 3631 1111 3700 πλάτος
1133 3633 1265 3712 ἔχοντες.

417 3732 456 3796 V.
474 3738 536 3796 665
557 3738 655 3813 polita
674 3753 786 3800 vueem
808 3737 944 3819 ‚inilmv‘
962 3736 1074 3801 eodem
1091 3737 1183 3802 modo
1200 3737 1451 3823 interpretatur,

330 3857 391 3917 qun
415 3839 560 3904 Achilles
584 3859 654 3921 eap.
681 3848 721 3906 22
746 3841 790 3905 in.

517 3946 671 4012 Manil:
1100 3951 1261 4017 Aeluill.:

290 4139 297 4148 ι
329 4051 438 4130 Atque
459 4071 478 4115 a
497 4052 559 4117 fine
579 4055 714 4118 trahens
733 4054 861 4120 titulum
963 4057 1092 4138 Λέγεται
1135 4059 1168 4122 ui
1202 4061 1328 4142 ὁρίζων,
1372 4063 1450 4126 ὁιότι

374 4164 571 4224 memoratur
594 4161 736 4227 horizon.
918 4163 1012 4242 ὁρίζει
1040 4163 1074 4225 τὸ
1104 4164 1168 4227 ὑπὸ
1199 4172 1257 4248 γῆν
1287 4167 1340 4228 καὶ
1368 4169 1452 4251 ὑπὲρ

917 4275 975 4350 γῆν
999 4271 1213 4353 ἡμισφαίριον.

331 4355 579 4455 wenti—geri
598 4395 653 4439 net.
672 4388 699 4440 iu
720 4389 789 4441 Man.
810 4389 850 4442 ed.
870 4390 983 4443 Boeelen
1001 4408 1025 4457 p.
1046 4395 1087 4444 tu.
