3194 5074
159 602 292 666 Tertius
319 601 351 667 in
380 601 487 667 media
510 602 620 667 muudi
644 622 692 668 re-

204 708 300 791 gione
323 706 467 774 locatus¹

159 815 290 898 Ingenti
299 815 498 898 spiratotum
508 816 693 900 praecingit
794 820 834 880 14
857 816 897 881 D.
932 815 1122 898 Ἰσημερινὸς
1153 817 1188 880 δέ
1218 817 1280 879 ἐστι

130 971 133 975 «
205 921 382 1004 Olympum.
746 923 863 994 κύκλος
887 925 905 986 ὁ
927 925 1074 1006 μέγιστος
1101 928 1166 986 τῶν
1189 924 1280 986 πέντε

703 1068 706 1074 ·
745 1030 957 1113 παραλλήλων
980 1030 1108 1094 κύκλων
1133 1080 1139 1092 .
1166 1079 1172 1092 .
1198 1079 1204 1092 .

161 1135 262 1200 Parte
308 1138 349 1200 ab
396 1141 539 1216 utraque
580 1135 694 1202 videns

207 1260 315 1325 axem3
337 1261 398 1322 quo
418 1241 528 1308 limine
545 1243 695 1310 Phoebus
797 1248 837 1307 14
861 1243 899 1307 Ε.
924 1241 976 1326 ἐφ’
1008 1242 1046 1306 οὗ
1071 1243 1239 1326 γενόμενος
1263 1245 1282 1308 ὁ

131 1349 332 1430 .Οοηιροιιὶι
375 1349 509 1432 paribus
554 1350 696 1417 numeris
749 1351 837 1433 ἥλιος
859 1350 914 1420 τὰς
936 1351 1104 1432 ἰσημερίας
1125 1357 1264 1424 ποιεῖται,

207 1460 397 1536 noctemque
422 1455 569 1537 diemque

85 1563 91 1570 '
162 1563 257 1629 Veris
295 1569 330 1628 et
374 1564 520 1629 autumni
563 1583 696 1630 currens
794 1566 850 1646 τήν
889 1589 921 1628 ιε
963 1563 1091 1647 ἐαρινὴν
1132 1565 1186 1627 καὶ
1226 1563 1283 1646 τὴν

207 1656 272 1752 per'
289 1677 436 1752 tempora
460 1670 573 1752 mixta,
628 1751 632 1754 ,
751 1673 1004 1754 φθινοπωρινὴν.

163 1777 242 1843 Cum
265 1777 405 1842 medium
431 1777 562 1857 aequali
585 1777 696 1843 distin-

208 1884 280 1966 guit
302 1884 421 1950 lumine
446 1886 580 1967 eaelum,

88 2044 91 2050 .
164 1990 326 2073 Quattuor
345 1997 379 2056 et
397 1991 553 2074 gradibus
568 2010 627 2057 sua
641 1991 697 2058 fila
800 1998 837 2056 19
862 1993 896 2058 Ο.
924 1993 942 2055 ὁ
966 1992 1001 2055 δὲ
1024 1991 1204 2074 ἰσημερινὸς
1228 1992 1284 2073 ἀφ’

202 2097 336 2164 iuduunt
360 2100 400 2163 ab
426 2103 528 2165 aestu
752 2101 904 2182 ἑκατέρου
935 2105 999 2162 τῶν
1028 2105 1189 2180 τροπικῶν
1213 2101 1284 2181 ἑξη-

754 2207 853 2272 κοστά
878 2207 905 2270 δ’
931 2203 990 2290 (se.
1013 2203 1148 2289 ἀπέχει).

163 2421 336 2486 Proximus
345 2422 429 2486 hunc
440 2424 529 2486 ultra
543 2422 700 2487 brumalis

209 2528 337 2593 nomine
361 2527 495 2610 cingens

165 2635 290 2700 Ultima
340 2634 493 2717 designat
543 2634 700 2722 fulgentis
801 2640 840 2699 15
866 2635 904 2700 A.
928 2635 1005 2717 μετὰ
1033 2636 1140 2718 μέντοι
1168 2660 1203 2716 γε
1231 2636 1288 2718 τὴν

210 2741 332 2807 lumina
356 2741 443 2824 suliS,
753 2741 929 2824 χειμερινὴν
947 2740 1067 2823 τροπὴν
1085 2742 1190 2804 οὐκέτι
1205 2741 1287 2823 πρὸς

751 2850 955 2932 μεσημβρίαν
970 2848 1190 2930 παροδεύωνὸ
1200 2849 1287 2930 ἥλιος

751 2957 929 3039 θεωρεῖται.

164 3058 322 3139 Inviaque
360 3059 491 3138 obliqua
533 3060 697 3126 radiorum
799 3063 890 3127 14Ε.
908 3061 941 3146 (ὁ
953 3062 1128 3146 χειμερινὸς
1136 3061 1287 3146 τροπικός

210 3185 344 3232 munera
367 3165 496 3231 flamma
751 3169 884 3254 κύκλος)
917 3171 969 3253 ἐφ’
1000 3168 1039 3234 οὗ
1070 3170 1236 3252 γενόμενος
1268 3171 1286 3232 ὁ

164 3274 234 3339 Dat
251 3293 310 3355 per
329 3274 393 3339 iter
407 3273 572 3340 minimum
587 3274 696 3359 nobis;
751 3277 837 3358 ἥλως
866 3277 923 3358 τίην
959 3277 1137 3359 χειμερινὴν
1166 3276 1287 3358 τροπὴν

750 3389 903 3446 ποιεῖται·
927 3384 960 3446 ἐν
991 3381 1013 3466 ᾗ
1036 3385 1055 3466 ἡ
1075 3384 1202 3465 μεγίστη
1226 3383 1286 3465 μὲν

750 3494 864 3553 πασῶν
900 3494 963 3552 τῶν
1000 3490 1034 3553 ἒν
1070 3497 1115 3571 τῷ
1152 3490 1287 3570 ἐνιαυτῷ

751 3596 810 3669 νὺξ
847 3597 1029 3670 ἐπιτελεῖται,
1066 3595 1208 3677 ἐλαχίστη
1251 3595 1285 3658 δὲ

286 3789 292 3802 .
403 3721 418 3802 s
751 3705 865 3787 ἡμέρα.

167 3795 231 3854 588
255 3790 375 3869 Bisque
401 3796 490 3857 1eeet
507 3791 592 3857 binis
617 3811 697 3858 sum·
798 3817 837 3876 19
863 3810 895 3875 ρ,
925 3811 1001 3875 ὁηὲ
1025 3809 1202 3894 ῑσημερμός
1225 3811 1282 3892 ἀφ»

209 3902 316 3963 umus
338 3897 487 3980 partibus
511 3899 608 3965 0sbiS·
751 3920 904 4000 ἑκατέρου
933 3923 997 3981 τῶν
1024 3923 1189 4000 τροπικῶν
1211 3918 1281 3999 ἑξη-

751 4025 845 4088 κοστὰ
874 4025 908 4087 δ’.

163 4116 376 4123 —.—

255 4183 262 4213 ¹
284 4183 324 4237 Cf.
344 4182 500 4238 Cleomedes
518 4183 634 4252 κυκλικὴ
654 4184 757 4250 θεωρία
775 4200 801 4250 p.
820 4182 890 4236 201.
912 4183 944 4234 19
964 4182 1005 4236 ed.
1024 4181 1147 4251 Ziegler:
1167 4181 1212 4246 ,είς
1233 4179 1282 4248 μὲν

163 4273 233 4330 ὁείς
249 4273 297 4325 δύο
316 4274 358 4326 ἴσα
377 4272 478 4340 τέμνων
497 4273 540 4327 τὸν
558 4274 688 4340 οὐρανόν.
713 4273 737 4325 Α
756 4272 898 4326 Cleonlede
920 4278 1011 4325 autem
1030 4269 1070 4337 ,τὰ
1093 4270 1176 4322 πολλὰ
1194 4310 1200 4323 .
1221 4311 1227 4323 .
1247 4309 1253 4322 .
1275 4313 1282 4327 .

164 4371 218 4416 τῶν
235 4362 382 4431 εἰρημένων
399 4363 430 4416 ἐκ
450 4371 502 4416 τῶν
521 4363 704 4418 Ποσειδωνίου
723 4362 847 4431 εἴληπταί
866 4378 892 4429 p.
911 4363 972 4428 228,
991 4361 1008 4413 l.
1027 4363 1045 4412 4
1063 4359 1091 4412 Z.
