3194 5074
1244 443 1287 512 31

171 651 359 732 Anonymus
394 648 572 714 Caucasum
609 656 643 716 et
677 651 769 716 Mare
807 651 937 715 rubrum
977 649 1057 714 fines
1094 650 1195 736 ponit,
1233 649 1291 714 sed

169 756 260 822 illam
284 762 431 823 veterum
462 756 658 823 sententiam
688 777 751 822 non
783 756 918 822 omitt't:
950 762 1011 821 393
1037 757 1119 822 b30
1142 759 1230 832 ,τινὲς
1255 758 1290 820 δὲ

168 864 205 928 τὸ
233 864 297 928 ἀπὸ
330 864 482 934 Τανάϊδος
512 866 608 946 μέχρι
640 865 757 929 Νείλου
789 865 958 946 στομάτων
987 865 1122 928 τίθενται
1152 865 1206 929 τὸν
1234 872 1290 948 τῆς

163 973 271 1044 Ἄσίας
295 974 396 1056 ὅρον.ί

259 1079 355 1145 Licet
374 1079 497 1161 aliquid
514 1079 645 1146 intersit
665 1080 751 1145 inter
770 1079 850 1144 duos
868 1079 967 1160 locos,
983 1083 1092 1144 tamen
1111 1077 1289 1145 similitudo

167 1184 248 1250 mihi
267 1191 363 1252 tanta
381 1186 522 1268 videtur,
542 1192 579 1252 ut
597 1206 667 1252 meo
688 1187 757 1252 iure
775 1186 966 1252 concludere
986 1184 1105 1267 possim
1121 1182 1289 1252 Manilium

165 1291 251 1357 libro
267 1300 383 1373 quarto
399 1293 567 1360 occasione
586 1295 698 1359 oblata
718 1293 760 1359 ad
776 1293 810 1358 id
823 1291 991 1358 Posidonii
1006 1312 1085 1374 opus
1101 1293 1288 1376 recurrisse,

167 1401 255 1478 quod
279 1401 321 1465 ad
345 1401 597 1482 componendum
621 1401 738 1466 librum
762 1399 898 1481 primum
924 1399 1128 1465 adhibuerat.

257 1506 364 1589 Caput
386 1513 408 1573 4
437 1507 512 1572 libri
544 1508 615 1590 περὶ
638 1509 763 1590 κόσμου
796 1506 919 1571 adeas
948 1525 1002 1572 res
1026 1506 1179 1590 pertinet,
1205 1527 1288 1587 quae

164 1611 201 1677 in
232 1618 309 1679 adra
340 1614 487 1680 oriuntur
518 1619 551 1679 et
582 1633 665 1694 quae
696 1615 846 1698 μετάρσια
879 1613 1039 1696 dicuntur,
1068 1616 1160 1681 velut
1186 1615 1287 1691 venti,

164 1722 278 1803 nubes,
304 1720 448 1804 fulmina,
473 1721 601 1787 similia.
649 1722 835 1803 Complures
858 1719 953 1786 huius
971 1721 1077 1802 partis
1100 1722 1187 1786 locos
1212 1721 1287 1786 olim

162 1827 312 1893 Zellerus
331 1829 504 1894 Posidonio
528 1828 653 1896 tribuit.
697 1829 857 1894 Addenda
881 1833 966 1909 sunt,
987 1827 1069 1908 quaa
1094 1847 1134 1894 ex
1153 1829 1287 1893 Manilio

163 1938 201 1998 et
224 1934 349 2000 Achille
374 1955 445 2000 cum
468 1935 750 2002 Pseudaristotele
775 1935 904 2001 collatis
927 1937 1099 2001 lucramur.

256 2041 398 2108 Achilles
421 2043 516 2110 huius
544 2043 650 2126 partis
680 2042 809 2108 initium
833 2041 922 2124 capit
947 2063 967 2107 a
991 2043 1099 2109 ventis
1123 2047 1221 2123 atque
1246 2043 1286 2107 dc

161 2147 286 2214 eisdem
309 2149 379 2216 fere
404 2149 560 2233 disputat,
587 2169 665 2231 quos
690 2149 776 2232 apud
800 2168 992 2232 anonymum
1017 2148 1208 2216 invenimus

161 2255 706 2341 Achill.cap.33;p.157Esqq.:
917 2256 1075 2321 Ps=Ar.:

160 2364 283 2444 ἄνεμον
307 2363 383 2428 εἶναι
407 2365 496 2447 ῥύσιν
519 2366 614 2448 ἀέρος
720 2383 751 2445 p.
771 2365 868 2428 3941>
905 2370 924 2428 8

160 2469 322 2552 διαφέρειν
345 2472 464 2554 ἄνεμον
488 2473 587 2554 αὔρας
885 2477 924 2536 12

158 2577 266 2658 αὔραν
290 2577 366 2641 εἶναι
389 2579 601 2660 ἀναθυμίασιν
626 2585 685 2661 γῆς
883 2584 922 2642 13
938 2577 1006 2654 (τὰς
1021 2579 1054 2650 ἒξ
1069 2579 1170 2659 ὑγροῦ
1186 2603 1282 2661 φερο-

1004 2687 1104 2767 μένας
1128 2687 1282 2769 ε’κιτνοάς)

158 2790 263 2855 Varia
286 2797 455 2858 ventorum
479 2810 618 2874 genera:

194 2897 221 2962 I.
250 2900 391 2981 ε’κνεφίαι
884 2903 922 2962 16

217 3079 221 3086 ,
251 3006 393 3087 ἀπόγειοι
882 3009 923 3069 14

250 3113 389 3195 ἐννόρίαι
881 3116 919 3174 15
946 3112 1005 3194 (18
1031 3113 1182 3195 ἒξνὸρίαι)

249 3221 374 3284 κολιτίαι
881 3223 917 3281 15
945 3220 1131 3300 (ἐγκολκίαι)

249 3327 366 3408 ὀρεσίαι
878 3363 918 3370 -

176 3432 221 3496 Π.
250 3431 426 3498 Duodecim
451 3433 556 3501 venti:

249 3559 319 3606 vac.
879 3545 918 3603 19
943 3557 1011 3618 sqq.

156 3645 219 3710 ΙΠ.
249 3646 348 3712 Venti
371 3646 569 3729 peculiares:

248 3755 389 3828 Καικίας,
412 3757 559 3838 Σκείρων
880 3751 967 3818 τσο.1

160 3861 219 3926 IV.
248 3863 332 3943 βίαια
355 3864 531 3945 πνεύματος

249 3970 378 4032 θύελλαι
715 3973 863 4048 p.395a
900 3974 917 4031 6

249 4076 404 4170 στρόβιλοι
899 4081 916 4138 7

248 4190 429 4266 πρηστῆρες
878 4187 917 4245 10

251 4411 258 4440 ¹
277 4412 329 4465 Sed
347 4413 364 4465 l.
384 4414 416 4464 21
438 4419 490 4464 τῶν
508 4434 536 4480 γε
554 4413 602 4479 μὲν
620 4414 707 4480 εὔρων
725 4412 832 4469 καικίας
850 4409 947 4478 λέγεται
967 4416 1019 4463 etc.
