3194 5074
1227 459 1273 529 35

157 669 326 734 Manilium
351 669 391 733 de
414 672 505 732 terra
529 668 632 750 magis
656 687 751 747 quam
777 667 816 733 (16
840 668 957 732 mundo
980 667 1120 734 locutum
1146 686 1216 732 esse
1235 706 1274 712 -

158 780 334 857 propterea
368 774 509 840 fortasse
551 776 611 840 hoc
654 773 747 856 fecit,
790 775 874 855 quod
916 774 1055 839 indoctis
1096 773 1276 839 hominibus

157 883 333 948 terendum
366 901 437 948 esse
471 887 630 947 censeret.
677 881 796 948 Varias
828 881 1060 959 habitationes,
1093 881 1132 946 (16
1163 881 1277 960 quibus

157 989 365 1056 Posidonium
397 989 496 1053 multo
526 993 601 1070 6661
633 988 753 1054 dixisse
783 987 870 1052 infra
901 988 1081 1069 ostendam,
1113 992 1211 1069 661116
1239 1007 1276 1050 66

158 1096 302 1178 consilio,
328 1097 450 1178 opinor,
475 1095 549 1160 huic
577 1094 664 1176 parti
694 1095 832 1180 addidit,
856 1101 893 1161 ut
922 1096 984 1160 bac
1014 1093 1143 1159 ratione
1168 1098 1277 1158 terrae

157 1203 296 1269 formam
320 1205 486 1286 globosam
510 1202 700 1267 illustraret.

248 1311 381 1375 Partem
410 1309 548 1374 alteram
573 1308 711 1374 oninium
736 1309 856 1390 optime
880 1307 1025 1375 servavit
1054 1306 1219 1387 Geminus,
1245 1311 1280 1370 61

158 1418 258 1485 valde
296 1417 465 1481 dolendum
505 1421 566 1496 est,
605 1416 688 1495 qarod
725 1435 787 1479 nori
826 1414 889 1480 nisi
930 1416 1011 1478 haec
1053 1417 1278 1494 excerptorum

158 1523 306 1604 reliquiis
324 1523 476 1589 traditur.
513 1522 546 1587 Si
565 1541 676 1589 verum
698 1526 757 1602 est,
779 1520 863 1601 quod
882 1522 976 1585 modo
992 1521 1070 1602 dixi,
1086 1518 1279 1585 Posidonius

157 1632 292 1697 ineunte
316 1632 378 1695 hac
401 1635 496 1711 parte
521 1629 560 1694 (16
586 1630 675 1694 66616
698 1628 853 1693 nonnulla
876 1627 1017 1708 scripsit.
1059 1626 1196 1708 Deinde,
1217 1625 1279 1690 nisi

157 1737 266 1819 fallor,
300 1738 340 1802 de
373 1737 541 1802 stellarum
574 1741 695 1802 natura
728 1735 797 1818 egit
831 1733 962 1819 (Achill.
996 1753 1089 1814 capp.
1126 1734 1280 1817 10-14).

160 1844 249 1909 Ordo
274 1863 391 1924 661166,
417 1861 500 1923 qnae
525 1847 689 1924 secuntur,
713 1841 842 1906 Gemini
866 1845 900 1905 et
923 1840 1050 1905 Manilii
1082 1840 1280 1905 auctoritate

158 1951 243 2017 satis
268 1954 407 2016 constat.
454 1949 597 2014 Locutus
622 1954 673 2013 est
696 1947 905 2030 philosophus
931 1947 1084 2027 deinceps

805 2053 999 2118 Geminus:
1068 2051 1266 2117 Manilius:

160 2166 202 2230 (16
226 2165 331 2230 6161116
354 2162 574 2228 inerrantibus

251 2291 279 2336 a.
305 2271 345 2336 de
369 2269 502 2335 zodiaco
543 2322 548 2335 .
587 2323 593 2336 .
631 2323 637 2335 .
676 2322 682 2336 .
720 2322 726 2334 .
765 2276 904 2350 .capl
1043 2267 1070 2348 l,
1095 2271 1270 2330 ato-274

250 2379 281 2443 b.
306 2379 346 2443 de
368 2377 553 2442 borealibus
590 2430 596 2442 .
634 2429 640 2442 .
678 2429 685 2442 .
723 2429 728 2442 .
767 2395 864 2456 .cap.
890 2381 908 2438 2
932 2374 1015 2438 med.
1093 2378 1266 2438 294-372

252 2505 277 2550 6.
303 2485 343 2548 (16
368 2484 596 2549 australibus.
634 2536 639 2548 .
679 2535 684 2548 .
724 2536 729 2547 .
768 2481 988 2563 ,6662116
1095 2484 1268 2544 ara-442

160 2593 202 2656 (16
227 2611 288 2656 axe
312 2591 452 2672 6166116
499 2642 772 2656 .......
794 2607 864 2669 666.
891 2595 908 2652 3
1095 2591 1268 2652 nto—293

146 2699 202 2762 de
227 2698 355 2763 circulis
380 2697 462 2762 caeli
500 2748 772 2762 .......
794 2715 864 2776 cap.
889 2700 910 2758 4
1096 2697 1279 2757 eei-804.

114 2851 118 2858 .
167 2848 171 2852 -
251 2805 315 2869 Cur
344 2803 498 2868 Manilius
528 2822 621 2867 axem
652 2794 716 2866 alio
747 2803 816 2867 loco
845 2801 1000 2884 posuerit,
1026 2819 1125 2881 supra
1153 2799 1302 2863 ostendi

159 2933 192 2994 6.
220 2918 271 2977 10.
297 2949 335 2956 -
362 2909 506 2975 Achilles
530 2914 604 2990 post
628 2910 742 2974 stellas
767 2914 917 2974 errantes
943 2927 1035 2989 capp.
1062 2912 1189 2971 22-27
1223 2904 1282 2968 cir-

160 3019 261 3100 culos,
290 3038 360 3100 cap.
391 3024 431 3082 28
461 3035 555 3080 axem
588 3022 623 3080 61
655 3016 745 3097 66166
778 3014 943 3095 describit,
978 3013 1036 3078 sed
1068 3032 1132 3077 non
1166 3011 1282 3075 desunt

158 3124 303 3208 vestigia
330 3121 541 3189 Posidoniani
575 3121 707 3188 ordinis
753 3123 904 3187 Exeunte
934 3141 1006 3202 cap.
1032 3126 1088 3200 21,
1114 3119 1198 3198 quod
1230 3123 1282 3182 est

158 3234 232 3315 περὶ
264 3234 403 3316 σελήνης,
437 3229 575 3294 strictim
609 3248 779 3311 supremae
811 3230 972 3310 sphaerae
1000 3228 1115 3292 stellas
1144 3223 1282 3305 attingit

159 3344 195 3403 et
218 3338 331 3420 paucis
355 3339 464 3404 verbis
489 3337 559 3403 axis
584 3335 804 3401 definitionem
833 3332 1087 3416 comprehendit.
1134 3330 1281 3395 Indead

160 3447 298 3511 circulos
321 3445 450 3510 transit.
477 3483 516 3492 -
542 3442 840 3509 Pseudaristoteles
871 3460 967 3506 cinnam
992 3459 1062 3505 eum
1086 3439 1201 3518 locum,
1227 3435 1281 3515 qui

159 3557 213 3617 est
237 3553 276 3616 de
301 3571 372 3633 axe,
394 3571 433 3616 ex
457 3557 551 3633 parte
576 3552 683 3615 altera
707 3547 845 3630 sumpsit
865 3546 1017 3628 61666111
1042 3552 1060 3610 2
1085 3543 1282 3624 interposuit

160 3659 206 3742 (p.
232 3664 294 3724 391
319 3660 340 3723 b
367 3664 405 3723 19
435 3657 531 3743 666).
593 3656 791 3721 Circulorum
829 3656 906 3720 ordo
946 3653 1032 3735 apud
1070 3654 1280 3732 excerptores

160 3767 306 3830 Graecos
338 3769 370 3829 61
403 3770 533 3846 poetam
563 3763 742 3827 Romanum
773 3761 921 3827 diversus
955 3764 1015 3826 est.
1069 3757 1212 3823 Achilles
1245 3760 1279 3820 et

158 3871 313 3936 Manilius
333 3875 486 3950 quattuor
505 3889 628 3952 genera
647 3873 817 3949 separant:
838 3869 1014 3949 parallelos
1035 3866 1064 3951 (I
1079 3866 1133 3946 M.,
1148 3865 1198 3928 ΠΙ
1211 3863 1277 3948 Α.),

159 3979 290 4058 coluros
319 3977 365 4062 (ΙΙ
395 3979 450 4060 M,
477 3976 524 4042 IV
547 3975 612 4059 Ab,
646 3974 781 4039 mobiles
814 3973 879 4059 (HI
908 3974 962 4055 M,
994 3971 1098 4058 IA.),
1133 3969 1278 4050 obliquos

159 4085 221 4169 (IV
245 4085 300 4166 M,
328 4085 361 4149 Π
385 4083 449 4169 11).
503 4082 659 4148 Geminus
688 4083 772 4146 hanc
804 4079 1047 4162 dispositionem
1076 4097 1140 4143 non
1169 4081 1277 4158 curat,

158 4197 268 4256 tamen
298 4191 363 4255 illis
393 4191 493 4254 multo
526 4186 763 4254 consideratius
790 4187 876 4268 agit:
901 4190 1028 4251 tractat
1058 4185 1192 4266 primum
1222 4202 1277 4248 666

159 4299 311 4380 61666166,
345 4297 398 4376 qui
432 4301 538 4360 certos
576 4296 610 4360 in
643 4313 793 4376 suprema
824 4294 964 4373 sphaera
993 4291 1081 4354 locos
1119 4289 1276 4370 obtinent,

156 4404 344 4486 parallelos,
361 4405 497 4485 6616166,
518 4402 700 4482 zodiacnm3
721 4399 837 4464 deinde
862 4417 927 4480 eos,
948 4396 1003 4477 qui
1028 4396 1071 4460 ad
1094 4415 1275 4477 supremam
