3194 5074
1225 439 1273 506 47

157 646 306 726 οὐρανὸν,
336 647 459 728 ὁμοίως
486 646 524 707 δὲ
553 657 558 706 ζ
592 695 598 707 .
631 695 636 706 .
664 645 719 707 καὶ
748 645 965 714 Ποσειδώνιος
995 647 1028 707 ἕν
1060 646 1178 726 πρώτῳ
1207 645 1279 726 περὶ

155 755 265 816 θεῶν]
311 752 382 834 Qua
406 771 446 816 ex
469 771 505 816 re
530 756 677 832 apparet,
704 751 859 830 quomodo
881 749 1035 816 Manilius
1059 753 1099 817 ab
1123 749 1173 833 iis,
1195 770 1277 830 quae

155 861 227 924 sola
259 865 393 940 propter
425 862 649 940 argumentum
682 857 762 923 illud
793 859 834 922 ab
864 877 929 922 una
957 859 1098 938 sphaera
1126 877 1277 939 suprema

155 964 331 1046 repetitum
362 964 469 1029 dicere
498 963 528 1028 ci
556 963 687 1045 licebat,
718 964 760 1028 ad
790 962 857 1028 alia
888 963 1094 1028 dolatussit.
1120 963 1279 1029 -Sicut

154 1077 256 1152 poeta
279 1091 332 1137 vv.
357 1076 532 1135 ooo-494
561 1070 672 1135 Cicero
704 1070 743 1134 de
775 1071 862 1134 deor.
894 1074 962 1134 nat.
987 1069 1028 1143 H,
1054 1077 1095 1135 93
1121 1071 1278 1136 adversus

154 1179 332 1260 Epicurum
362 1177 529 1244 dimicat¹:
562 1178 634 1258 ‚Hic
665 1197 736 1260 ego·
753 1197 816 1242 non
847 1177 945 1243 nrirer
974 1197 1044 1242 esse
1076 1197 1276 1260 quenquam,

155 1285 212 1366 qui
231 1286 292 1351 sibi
311 1286 512 1367 persuadeat
530 1304 667 1366 corpora
687 1286 845 1365 quaedam
867 1284 971 1350 solida
991 1289 1089 1364 atque
1108 1284 1278 1350 individua

153 1393 188 1459 vi
223 1400 256 1458 et
287 1392 453 1476 gravitate
486 1391 578 1465 ferri,
609 1393 825 1472 rnundurnque
855 1391 936 1456 effici
974 1391 1212 1457 ornatissimum
1244 1398 1277 1456 et

153 1499 404 1582 pulcherrimum
441 1519 481 1564 ex
517 1519 626 1565 eornm
665 1519 832 1580 corporum
870 1499 1080 1564 concursione
1117 1487 1297 1564 fortuita.‘'

154 1607 196 1672 cf.
221 1607 239 1692 ξ
265 1614 316 1671 97,

245 1715 335 1778 Haeo
358 1713 465 1778 omnia
488 1713 681 1778 Posidonius
705 1713 737 1777 in
761 1714 853 1778 libris
875 1714 945 1796 περὶ
973 1715 1060 1776 θεῶν
1085 1711 1154 1777 sinc
1179 1713 1275 1778 dubio

151 1821 300 1903 protulit,
315 1822 371 1886 sed
387 1821 495 1886 nescio
510 1841 552 1885 an
567 1821 720 1886 Manilius
738 1821 850 1885 eadenr
866 1820 899 1884 in
911 1839 1008 1900 opere
1025 1821 1274 1902 meteorologico

150 1927 300 1994 invenire
323 1928 476 2009 potuerit.

566 2195 782 2261 Excursus
807 2195 861 2260 ΙΙ.

241 2357 333 2422 Nunc
356 2357 565 2438 inspiciamus
589 2376 660 2421 earn
676 2356 923 2421 Astronornicon
947 2360 1086 2437 partein,
1112 2357 1153 2420 ad
1178 2376 1273 2436 quarn

150 2464 405 2544 consponendarn
423 2468 522 2545 poeta
536 2463 633 2528 Arati
650 2483 777 2528 carrnen
799 2459 975 2527 adlribuiti.
1019 2462 1137 2526 Confer
1153 2481 1273 2542 quaeso

149 2573 249 2635 haec:

299 2675 484 2740 Manilius
507 2677 537 2740 l:
927 2675 1085 2740 Aratus:

150 2789 215 2849 279
237 2783 325 2849 Adra
344 2802 403 2864 per
419 2783 560 2865 gelidum
578 2783 686 2848 tenuis

243 2890 413 2955 deducitur
437 2890 508 2954 axis

148 2997 387 3076 Libraturnqne
424 2997 510 3078 regit
558 2997 685 3063 diverso
742 3003 782 3061 22
842 2997 946 3080 ἔχειὸ)
961 2997 1135 3058 ἀτάλαντον
1150 2997 1271 3078 ἁπάντη

242 3102 374 3167 cardine
397 3104 547 3168 mundum
559 3127 565 3187 3
739 3104 899 3186 μεσσηγὺς
909 3110 1000 3185 γαῖαν
1012 3103 1082 3184 περὶ
1095 3103 1123 3165 δ’
1135 3103 1273 3184 οὐρανὸς

829 3211 921 3280 αὐτὸς
944 3211 1054 3291 ἀγινεῖ

739 3319 795 3380 καί
807 3342 860 3399 μιν
879 3318 1071 3398 πειραίνουσι
1092 3317 1160 3380 δύω
1178 3316 1271 3379 πόλοι

827 3424 1078 3505 discutiendam·

148 3532 305 3597 Siderous
325 3532 412 3596 circa
431 3531 568 3596 nrodiunr
591 3550 684 3610 qrrern
742 3535 780 3593 19
809 3529 848 3594 Or
862 3531 922 3612 μὲν
939 3531 1028 3612 ὁμῶς
1046 3529 1156 3598 πολέες
1173 3554 1203 3591 τε
1218 3531 1271 3592 καὶ

240 3639 384 3704 Volvitur
407 3638 494 3702 orbis
827 3638 953 3706 ἄλλυδις
977 3637 1065 3698 ἄλλοι
1088 3636 1210 3705 ἐόντες-

150 3746 395 3824 Aetlncreosqua
419 3749 508 3809 rotat
532 3763 657 3826 cursus3
740 3747 882 3826 αὐρανῶι
901 3746 1040 3807 ἕλκονται
1058 3745 1149 3806 πάντ’
1164 3746 1270 3825 ἤματα

828 3851 955 3933 συνεχὲς
978 3852 1055 3913 αἰεί·

145 3996 363 4005 ...-..-.-----

241 4117 249 4146 ¹
268 4117 343 4170 Diels
362 4118 472 4186 doxogr.
491 4135 515 4184 p.
534 4120 577 4170 21.

239 4206 249 4235 2
266 4206 404 4272 Manssius,
425 4207 470 4272 qui
486 4207 535 4260 hoo
549 4207 606 4274 ipso
620 4221 689 4258 annno
704 4205 782 4258 Arati
803 4205 992 4258 Phaenonrena
1013 4203 1106 4268 edidit,
1120 4202 1269 4268 arrnotnrit,

147 4295 244 4362 qrrihns
272 4296 337 4348 locis
364 4295 490 4349 Manilius
518 4312 624 4348 cannen
651 4309 778 4362 graecum
806 4293 967 4347 adhibuerit.
1014 4293 1074 4344 Non
1101 4290 1152 4343 nisi
1184 4307 1269 4358 pauca

146 4384 272 4438 addenda
290 4391 360 4438 sunt.
620 4373 623 4379 ¹
