3194 5074
327 431 409 516 aa

322 652 463 734 imagine
493 651 622 717 dixerit.
655 688 692 696 -
726 651 877 715 Ceterum
905 651 964 714 sub
998 649 1093 713 finem
1125 647 1274 730 Hyginus
1307 646 1445 710 eandem

322 758 465 823 fabulam
504 761 544 823 ab
583 757 655 822 aliis
695 757 736 822 ad
771 757 894 822 Ledam
929 755 1046 821 referri
1083 754 1197 819 tradit.
1258 755 1305 817 df.
1342 753 1445 817 schol.

322 866 416 930 Arat.
441 886 471 932 v.
498 871 571 930 275.

410 970 530 1051 Aquila
545 971 631 1037 Iovis
651 972 721 1036 ales
740 977 791 1035 cst
804 970 904 1054 (Man.
922 974 984 1034 343
998 997 1038 1024 =
1050 972 1169 1034 catast.
1186 968 1268 1032 Roh.
1285 987 1315 1048 p.
1335 973 1397 1030 156
1414 967 1447 1030 Α

321 1079 341 1142 1.
381 1085 399 1143 5
440 1078 535 1163 sqq).
598 1079 644 1142 Ut
685 1084 801 1159 podiae
843 1076 992 1158 Romani,
1036 1074 1188 1140 Manilius
1229 1094 1260 1140 v.
1302 1078 1365 1137 344
1409 1078 1446 1137 et

322 1184 533 1249 Germanicus
570 1205 601 1249 r.
638 1191 700 1250 316
730 1205 777 1264 sq.
810 1184 1006 1249 addiderunt
1037 1182 1172 1248 fulmina
1205 1201 1276 1246 eam
1309 1185 1446 1263 gestare

322 1292 391 1358 sive
415 1291 503 1357 Iovis
528 1291 722 1373 armigerum
747 1310 829 1356 esse.

410 1398 590 1479 Delphinus
619 1402 654 1462 et
685 1399 718 1462 in
748 1399 877 1463 Oceano
907 1404 940 1462 et
968 1397 1001 1462 in
1032 1397 1123 1461 caelo
1147 1414 1241 1460 sacer
1264 1398 1315 1459 est
1339 1395 1445 1477 (Man.

324 1508 570 1570 34lzcatast.
595 1505 676 1569 Rob.
701 1524 731 1585 p.
760 1506 867 1570 1581.
895 1509 935 1569 14
958 1503 1054 1583 sqq).

408 1612 549 1676 Perseus
578 1610 738 1694 Gorgonis
763 1615 862 1691 caput
885 1609 1024 1674 sustinet
1049 1608 1106 1692 (M.
1133 1608 1359 1674 360=schol
1385 1607 1443 1671 Ar.

321 1737 350 1783 v.
378 1718 466 1803 250).

409 1825 595 1890 Heniochus
637 1825 759 1905 primus
805 1843 932 1888 currum
979 1819 1152 1902 quattuor¹
1199 1821 1290 1901 equis
1336 1820 1446 1886 iunxit

324 1932 382 2016 (M.
409 1938 471 1996 363
497 1932 685 2011 sq.=Rob.
706 1951 737 2011 p.
763 1937 803 1996 33
827 1931 848 1994 1.
876 1937 914 1995 12
939 1928 1033 2014 sqq).

409 2038 575 2120 Capellam
609 2037 757 2118 Iuppiter
791 2037 1005 2102 immortalem
1037 2036 1182 2102 reddidit
1208 2041 1242 2101 et
1275 2035 1309 2099 in
1343 2035 1445 2099 astris

320 2146 428 2226 posuit
457 2146 514 2229 (M.
548 2148 788 2209 369=catast
819 2165 849 2225 p.
887 2149 958 2209 102.
1012 2143 1117 2209 Schol.
1149 2143 1256 2207 Germ.
1285 2143 1323 2206 B.
1355 2143 1393 2206 P.
1422 2143 1444 2205 l.

322 2258 363 2317 24
388 2252 461 2336 sq).

410 2357 539 2423 Orionis
554 2357 651 2422 situm
668 2357 855 2422 describens
870 2356 1022 2423 Manilius
1044 2357 1137 2422 Arati
1152 2358 1253 2423 verba
1268 2358 1444 2422 emendare

321 2465 384 2530 sibi
408 2465 551 2530 videtur:

321 2572 360 2636 A.
387 2577 448 2636 322
484 2570 591 2643 Λοξός
624 2571 684 2652 μὲν
721 2571 855 2653 Τούροιο
911 2572 954 2635 M.
1003 2578 1065 2638 387
1114 2572 1254 2636 Cernere
1302 2570 1445 2638 vicinum

408 2686 503 2762 τομῆι
526 2679 727 2740 ὑποκέκλιται
750 2679 845 2748 αὐτός
1000 2677 1146 2744 Geminis
1169 2678 1247 2743 licei
1271 2677 1403 2743 Oriona.

254 2843 255 2846 ,
318 2786 444 2868 Ὠρίων.

411 2892 458 2956 Cf.
484 2893 583 2958 schol.
607 2894 692 2957 Arai
714 2912 745 2958 V.
772 2897 852 2957 322:
884 2895 1054 2975 ,μέμφοιτο
1080 2893 1106 2957 δ’
1128 2895 1167 2955 ἄν
1190 2917 1234 2963 τις
1253 2894 1376 2976 Ἀράτῳ
1401 2896 1448 2964 ὡς

320 3001 365 3082 μὴ
399 3001 541 3082 ἀκριβῶς
569 3001 756 3081 προσέχοντι
786 3007 823 3080 τῇ
850 2998 1003 3081 Ὠρίωνος
1033 3001 1194 3063 diurnali
1225 3001 1285 3082 γὰρ
1316 3001 1381 3063 ὑπὸ
1412 3002 1446 3063 τὸ

323 3107 473 3188 ὃιχοτόμη
476 3130 521 3187 μα
533 3113 590 3168 τοῦ
605 3106 731 3186 Ίαύρου
746 3107 833 3177 ἐστίν,
848 3105 911 3168 ἀλλ’
926 3108 966 3169 ἔτι
975 3113 1029 3170 τοῦ
1043 3107 1168 3187 Ταύρου
1181 3108 1448 3190 ἀνατολικώτερός

305 3215 411 3276 Ἰἐστιν.
457 3213 507 3295 ἆρ’
534 3213 591 3277 οὖν
615 3215 648 3276 ἕν
668 3219 745 3275 πᾶσι
763 3214 818 3295 τὴν
836 3214 997 3295 ἀκρίβειαν
1015 3215 1236 3295 ἐνδειξάμενος
1254 3215 1334 3276 κατὰ
1355 3222 1447 3279 τοῦτο

320 3321 422 3402 μόνον
453 3321 592 3402 ε’σφάίη;
624 3321 787 3402 οὐδαμῶς,
820 3319 896 3382 ἀλλὰ
928 3321 1060 3402 λέγομεν
1090 3321 1134 3383 ὅτι
1164 3327 1221 3384 νῦν
1243 3321 1345 3402 τομὴν
1367 3322 1449 3403 λέγει

323 3427 379 3509 τὴν
403 3427 604 3509 περιγραφὴν
628 3428 681 3490 καὶ
704 3427 739 3490 τὸ
764 3428 1052 3520 ὄιαμεμετρρμένον
1070 3429 1199 3510 χωρίον,
1223 3429 1279 3509 ὑφ’
1300 3429 1318 3489 ὃ
1336 3431 1449 3510 τμῆμά

323 3535 403 3620 ἔστιν
439 3535 457 3596 ὁ
489 3533 627 3615 Ὠρίων]
692 3533 761 3598 Nou
803 3533 925 3615 dubito,
961 3533 1036 3614 quin
1073 3533 1227 3598 Manilius
1260 3534 1449 3600 cavillatori

325 3658 477 3704 assensus
498 3639 551 3720 sit,
572 3639 752 3721 captiosam
772 3639 840 3704 eius
860 3639 1165 3721 interpretationem
1185 3641 1275 3720 sequi
1295 3641 1448 3724 uoluerit,

324 3751 500 3827 propterea
534 3745 663 3811 Orionis
697 3746 823 3829 signum
857 3747 899 3812 ad
932 3748 1095 3821 Geminos,
1130 3768 1194 3812 non
1229 3748 1271 3812 ad
1304 3749 1450 3814 Taurum

416 3976 424 4005 ¹
445 3975 597 4030 Germanici
615 3993 641 4030 v.
662 3979 712 4030 158
732 3993 770 4044 sq.
790 3977 828 4031 sic
846 3977 925 4048 lego:

752 4066 806 4133 ,qui
825 4067 925 4134 primus
944 4067 1074 4135 subiuga
1094 4066 1171 4119 duxit

593 4154 779 4224 Quadriiugos

327 4243 505 4310 quadripedes
532 4244 563 4296 Β.
592 4243 631 4308 Ρ.,
661 4244 846 4311 quadrupedes
873 4243 978 4311 reliqui.
1025 4244 1077 4297 Sed
1105 4244 1162 4297 cod.
1191 4242 1306 4311 optimus
1333 4245 1374 4310 B.,
1406 4247 1453 4312 qui

326 4332 490 4385 Baehrensio
510 4338 620 4385 auctore
635 4336 717 4398 (poet.
732 4333 780 4384 lat.
795 4333 857 4386 min.
872 4334 894 4403 Ι,
911 4335 973 4401 143)
989 4333 1090 4386 veteris
1109 4331 1318 4402 orthographiae
1332 4335 1455 4404 vestigia

327 4422 412 4474 multa
440 4421 566 4486 servavit,
593 4436 685 4474 vocem
704 4420 778 4474 illam
804 4422 978 4488 depravatam
1005 4438 1063 4475 esse
1088 4422 1202 4476 indicat:
1228 4421 1311 4474 habet
1328 4421 1455 4480 litteram

329 4513 363 4577 ‚p‘
382 4526 462 4562 manu
480 4512 497 4560 2
517 4525 549 4562 ex
568 4515 597 4575 ‚t‘
617 4516 773 4563 correctam.
