3194 5074
1250 406 1297 474 39

181 605 267 687 apud
293 605 449 670 Senecam
479 606 717 686 paenultimo
748 608 817 672 loco
843 615 928 673 sunt.
963 646 1005 654 —
1039 610 1299 692 Cumanonymo

182 712 326 777 Achilles
350 717 425 793 post
448 718 564 778 ventos
588 717 731 778 cometas
756 714 921 796 describit,
953 715 1106 780 Manilius
1129 720 1301 797 postquam

181 819 276 886 varia
309 824 505 884 cometarum
536 839 658 902 genera
687 820 900 902 enumeravit,
930 821 970 885 de
998 821 1128 904 ignibus
1159 842 1244 901 aqua
1268 829 1303 887 11

181 931 273 991 terra
302 925 434 990 inclusis
466 925 617 1005 loquitur.
668 926 866 992 Brevissima
894 927 1038 992 Achilles
1070 947 1139 1008 cap.
1173 933 1215 993 34
1247 929 1300 994 fin.

182 1031 332 1114 tonitrua,
357 1031 496 1115 fulgura,
521 1031 665 1115 lirlmina,
690 1035 792 1099 nubes
816 1033 1019 1116 perstringit.

272 1139 414 1204 Restant
437 1140 591 1205 nonmdla
611 1139 739 1206 Gemini
764 1145 798 1204 11
817 1141 953 1206 Achillis
977 1140 1098 1223 capita,
1123 1142 1163 1205 de
1188 1141 1303 1221 quihus

183 1245 262 1327 quid
277 1245 391 1328 dicam,
409 1246 549 1311 maxime
564 1247 679 1312 dubius
694 1267 772 1312 sum.
800 1247 891 1312 Fieri
903 1252 1045 1330 poterat,
1061 1254 1096 1313 ut
1111 1248 1303 1314 Posidonius

184 1352 375 1435 appendicis
407 1355 477 1419 loco
510 1353 550 1418 iis
584 1355 789 1436 praescripta
822 1355 979 1436 traderet,
1014 1354 1128 1434 quibus
1164 1357 1304 1436 sphaera

183 1459 379 1541 explicanda
420 1465 478 1524 aut
519 1461 558 1524 de
601 1461 742 1542 sphaera
779 1461 983 1526 scribendum
1017 1466 1115 1526 esset.
1172 1461 1303 1546 (Acirill.

184 1587 279 1648 capp.
309 1571 349 1631 35
379 1572 413 1632 et
442 1565 509 1652 36.)
555 1569 663 1646 Atque
691 1567 724 1632 in
755 1568 819 1632 fine
843 1568 943 1633 totius
967 1567 1075 1650 operis
1098 1567 1239 1633 fortasse
1265 1569 1304 1632 de

183 1675 309 1739 ortibus
337 1679 371 1739 et
399 1673 566 1740 occasibus
594 1680 754 1739 astrorum
786 1676 911 1740 locutus
939 1680 990 1739 111
1021 1674 1115 1759 (Ach.
1140 1693 1210 1755 cap.
1237 1674 1304 1759 37).

183 1780 270 1863 Quid
297 1782 409 1846 harum
434 1800 541 1846 rerum
566 1781 704 1846 scientia
727 1782 849 1864 valeat,
883 1781 1003 1846 ultimis
1028 1781 1137 1847 verbis
1161 1782 1305 1846 Achilles

184 1888 347 1953 declarat:
372 1888 453 1972 ,περὶ
481 1889 600 1951 πολλοῦ
633 1889 667 1951 δὲ
694 1889 826 1970 μάλιστα
856 1889 978 1951 τούτων
1001 1887 1057 1969 τὴν
1080 1894 1196 1969 γνῶσιν
1219 1889 1303 1950 ἔνιοι-

184 2002 279 2059 οῦντο
304 1995 418 2059 εἰδέναι
437 1997 469 2058 οἳ
490 1996 559 2076 περὶ
584 1997 737 2076 γεωργίαν
757 1996 811 2058 καὶ
830 1995 985 2058 ναυτιλίαν
1007 1994 1062 2057 τὸν
1081 1996 1152 2076 βίον
1175 1997 1304 2076 ἔχοντες.

184 2103 221 2164 ἐκ
245 2102 306 2184 γὰρ
328 2107 394 2166 τῶν
417 2102 580 2166 ἀνατολῶν
603 2103 744 2165 καὶτῶν
769 2103 892 2165 δύσεων
912 2103 1019 2163 αὐτῶν
1041 2101 1094 2164 τὸν
1117 2102 1228 2184 καιρὸν
1249 2109 1304 2166 τοῦ

182 2209 265 2272 πλοῦ
288 2209 419 2272 καὶτοῦ
443 2215 595 2291 ιρυγητοῦ
620 2211 840 2292 ἑσημειοῦνιοὲ
881 2206 990 2290 Quare
1010 2206 1138 2272 Gemini
1163 2227 1233 2288 cap.
1253 2212 1303 2289 14,
1361 2234 1363 2238 ·

184 2314 270 2395 quod
303 2321 354 2380 esi
384 2316 454 2397 περὶ
478 2317 698 2397 ἐπισημασιῶν
726 2321 790 2377 τῶν
815 2317 950 2396 ἄστρων,
977 2319 1049 2378 arte
1075 2332 1145 2378 cum
1169 2313 1209 2378 iis
1234 2334 1305 2379 0011-

183 2423 380 2504 iungendum
405 2441 477 2487 esse
498 2421 637 2503 videtur,
659 2440 741 2501 quae
758 2422 799 2485 ad
819 2439 952 2486 occasus
977 2427 1011 2485 11
1030 2425 1120 2486 ortus
1141 2428 1303 2502 spectant.

184 2529 251 2595 Sed
274 2531 356 2595 haec
385 2528 491 2610 opinio
517 2528 559 2592 ad
582 2527 741 2593 incertum
766 2533 939 2593 revocatur
968 2547 1015 2608 eo,
1041 2528 1125 2607 quod
1150 2528 1305 2593 Geminus

184 2637 226 2701 de
250 2635 409 2701 sideribus
433 2635 611 2700 orientibus
643 2641 678 2700 et
710 2635 929 2700 occidentibus
959 2641 1036 2699 ante
1067 2640 1176 2700 terrae
1205 2655 1304 2700 zonas

183 2748 220 2809 et
251 2743 472 2808 habitationes
504 2741 628 2807 scribit.
682 2742 731 2806 De
765 2741 909 2807 eiusdem
943 2760 1035 2822 capp.
1063 2747 1113 2822 15,
1148 2742 1232 2820 quod
1262 2742 1304 2806 ad

182 2852 293 2915 lunam
326 2849 479 2931 pertinet,
510 2855 542 2914 et
571 2855 621 2930 16,
646 2849 731 2928 quod
763 2848 984 2914 calendarium
1017 2848 1115 2913 breve
1150 2847 1304 2931 continet,

182 2957 282 3039 plane
304 2955 413 3022 nescio
438 2955 515 3036 quid
539 2954 675 3020 iudicem
684 2953 705 3020 1.

273 3171 434 3236 Nonnulla
458 3169 623 3235 addidisse
647 3169 726 3234 mihi
748 3169 861 3235 videor
886 3169 927 3233 ad
952 3188 1002 3251 ea,
1027 3188 1110 3249 quae
1135 3169 1241 3234 adhuc
1265 3170 1305 3234 de

181 3277 351 3343 Posidonii
368 3276 461 3342 libris
480 3275 740 3358 meteorologicis
759 3276 845 3340 iuter
860 3275 948 3342 viros
969 3275 1081 3340 doctos
1102 3277 1304 3340 constabant.

180 3383 279 3450 Multi
303 3389 453 3450 auctores
471 3383 653 3465 philosophi
673 3402 752 3464 opus
773 3382 999 3448 adhibuerunt.
1043 3381 1183 3464 Quorum
1208 3381 1304 3447 alios:

180 3491 361 3572 Manilium,
397 3490 576 3572 Geminum,
611 3489 782 3571 Achillem,
820 3487 1133 3554 Pseudaristotelem
1173 3488 1304 3554 uberius

181 3597 337 3681 tractavi,
362 3635 403 3642 -
429 3597 526 3662 alios:
552 3596 718 3679 Senecam,
743 3596 955 3678 Cleomcdem,
980 3595 1110 3660 Aetium
1135 3595 1303 3660 occasione

179 3705 295 3771 oblata
317 3704 448 3770 brevius
472 3703 729 3769 commemoravi.

271 3812 361 3878 Unus
394 3817 492 3891 atque
522 3809 550 3875 is
574 3810 625 3876 vir
649 3809 853 3875 doctissimus
888 3813 920 3874 11
950 3815 1063 3874 auctor
1091 3807 1302 3890 gravissimus

177 3919 233 3986 his
261 3919 450 3984 adiciendus
480 3937 551 3984 1111
575 3916 714 3983 videtur.
737 3955 780 3962 —
804 3916 968 3997 Gruppius
992 3917 1134 3981 Hermae
1158 3916 1221 3980 vol.
1240 3916 1300 3997 XI,

178 4048 212 4109 p.
253 4032 314 4092 235
355 4045 423 4105 sqq.
462 4024 606 4089 ostendit
642 4023 762 4087 nmltas
800 4023 1029 4087 similitudines
1067 4040 1138 4086 esse
1174 4020 1300 4084 Manilii

271 4273 279 4302 ¹
299 4273 386 4341 Caput
411 4271 534 4326 ultimum
559 4270 709 4324 Boeckhius
735 4269 797 4324 olim
821 4288 837 4324 a
856 4269 966 4324 Gemino
986 4267 1156 4323 abiudicavit.
1203 4267 1255 4320 Sed
1274 4284 1297 4321 v.

175 4363 257 4417 Blass
275 4362 292 4416 l.
311 4363 329 4416 l.
348 4380 372 4430 p.
391 4363 487 4414 2411.
508 4362 531 4413 l.
