3194 5074
1238 452 1285 520 55

254 660 407 725 Eudoxos
426 661 508 726 haec
527 664 648 741 puncta
668 658 700 723 in
720 658 834 723 mediis
854 657 986 738 Arietis
1007 657 1138 738 Librae,
1159 657 1285 740 Cancri,

166 765 356 847 Capricorni
385 767 534 849 partibus
565 771 734 848 posuerat3
764 766 803 831 cf.
836 764 1017 847 Hipparchi
1052 767 1123 829 Τῶν
1150 766 1285 848 Ἀράιοο

164 874 219 937 καί
241 874 391 954 Εὐδόξου
411 875 616 957 φαινομένων
633 873 814 955 ἐξηγήσεων
833 873 854 937 l.
868 872 910 954 II,
933 879 950 937 3
971 873 1100 956 (Petav.
1120 871 1285 957 Uranol.):

163 981 193 1053 ,d
218 981 253 1044 δὲ
272 981 418 1055 Εὔδοξος
442 983 527 1045 οὕτω
553 981 703 1064 διῄρηται,
727 981 809 1043 ὥστε
831 980 868 1043 τὰ
893 981 1041 1062 εἰρημένα
1067 985 1179 1063 σημεῖα
1202 981 1285 1062 μέσα

163 1087 241 1150 εἶναι
256 1108 261 1121 ·
275 1088 312 1151 τὰ
336 1089 395 1171 μὲν
414 1095 470 1152 τοῦ
490 1089 644 1170 καρκίνον
664 1088 716 1151 καὶ
735 1093 788 1150 τοῦ
809 1086 966 1168 αίγόκερω
983 1106 989 1119 ·
1006 1086 1042 1149 τὰ
1063 1087 1098 1150 δὲ
1115 1093 1169 1150 τοῦ
1193 1094 1285 1169 κριοῦ

162 1195 217 1256 καὶ
239 1200 303 1258 τῶν
332 1197 463 1278 ppido!
509 1194 630 1260 Contra
647 1193 865 1276 'Hipparchus
889 1198 1011 1275 puncta
1040 1191 1098 1258 illa
1121 1191 1285 1275 signomm

162 1299 259 1365 initia
283 1320 355 1367 esse
378 1302 482 1367 voluit
506 1301 529 1383 I,
552 1308 607 1366 27:
644 1300 703 1386 ,(Si
730 1300 763 1365 in
782 1299 902 1366 Leonis
927 1299 1187 1365 dodecatemorio
1211 1307 1286 1366 sunt

162 1407 264 1487 pedes
300 1408 405 1473 Ursae
445 1408 587 1489 maioris,
630 1427 725 1487 quam
761 1407 901 1473 mediam
944 1408 1052 1472 coluro
1089 1406 1284 1489 tropicorum

164 1513 267 1580 dividi
291 1515 444 1580 Eudoxos
468 1515 552 1580 false
578 1513 701 1598 (locuit)
725 1520 796 1584 πῶς
815 1513 874 1577 οὖν
894 1514 1027 1578 δυνατὸν
1051 1515 1086 1577 τὸ
1109 1516 1208 1597 μέσον
1231 1524 1285 1599 τῆς

46 1674 52 1682 .
112 1699 118 1710 .
161 1622 280 1702 ἄρκιον
296 1623 330 1685 ἓν
344 1630 381 1707 τῇ
397 1623 481 1705 ἀρχῇ
497 1628 553 1684 τοῦ
568 1623 720 1704 καρκίνου
738 1622 864 1685 κεῖσθαι
868 1647 879 1697 ,·
897 1620 956 1705 (sc.
972 1641 1031 1702 per
1047 1641 1142 1702 quam
1157 1624 1285 1689 colurus

161 1727 290 1813 currit).
349 1729 503 1794 Eudoxos
540 1734 693 1794 accurate
736 1727 919 1808 definierat,
963 1747 1045 1808 quae
1086 1729 1284 1811 singulorum

160 1832 325 1916 signorum
352 1840 465 1917 partes
494 1836 611 1901 coluris
639 1840 839 1900 secarentur.
891 1834 1098 1916 Hipparchus
1126 1855 1195 1900 cum
1225 1838 1284 1901 hos

160 1941 298 2009 circulos
330 1943 417 2025 signi
450 1943 581 2008 dimidio
615 1943 683 2008 sive
717 1941 899 2022 quindecim
929 1941 1079 2022 partibus
1106 1943 1210 2026 magis
1242 1945 1284 2008 ad

159 2048 361 2114 occidentem
406 2069 520 2116 versus
567 2068 698 2116 currere
744 2052 916 2129 statueret,
969 2047 1115 2131 singulas
1161 2050 1284 2116 veteris

157 2155 382 2221 mathematici
406 2157 551 2223 rationes
579 2156 681 2222 falsas
711 2175 782 2222 esse
813 2156 1068 2220 demonstrabat.
1116 2155 1212 2222 Cuius
1236 2157 1284 2221 rei

157 2281 255 2326 unum
285 2265 464 2344 exemplum
496 2263 639 2329 afferam.
687 2263 786 2346 Hipp.
815 2263 841 2344 I,
872 2269 928 2329 29:
960 2263 1020 2336 ,Ἐν
1052 2264 1085 2328 δὲ
1113 2273 1160 2347 τῷ
1187 2267 1284 2348 ἑτέρῳ

156 2370 308 2452 κοίούρῳ
332 2371 409 2453 φησὶ
431 2373 556 2435 κεῖσθαι
586 2372 604 2434 ὁ
634 2372 695 2452 μὲν
729 2369 788 2454 (se.
823 2369 991 2454 Eudoxos)
1029 2371 1084 2453 τὴν
1118 2372 1283 2453 ἀριστερὰν

156 2482 246 2558 χεῖρα
284 2483 339 2540 τοῦ
379 2478 639 2558 ἀρκτοφύλακοςί
706 2475 797 2559 Quod
837 2478 934 2558 paule
981 2476 1069 2542 infra
1104 2476 1282 2542 refellitur:

158 2582 211 2656 ,Ἡ
236 2584 297 2665 μὲν
330 2582 389 2646 οὖν
422 2583 568 2665 ἀριστερὰ
604 2583 671 2666 χεὶρ
702 2590 759 2646 τοῦ
792 2584 1051 2666 Ἀρκτοφύλακος
1085 2587 1283 2649 ὑπολείπεται

157 2695 213 2753 τοῦ
237 2692 403 2774 εἰρημένον
433 2691 555 2754 κύκλου
584 2692 630 2760 ὡς
657 2693 753 2774 ἥμισυ
781 2692 878 2773 μέρος
906 2691 1024 2764 ζωόίου
1041 2711 1046 2724 ·
1061 2693 1114 2754 καὶ
1142 2693 1202 2755 οὐκ
1232 2694 1282 2756 ἐπ’

158 2798 254 2860 αὐτοῦ
282 2800 408 2880 φέρεται
435 2804 492 2862 τοῦ
522 2798 573 2862 διὰ
601 2803 665 2860 τῶν
693 2799 885 2880 ἶσημερινῶν
916 2798 1057 2880 σημείων
1080 2799 1210 2872 κύκλον,
1236 2801 1283 2870 ὡς

157 2904 303 2976 Εὔδοξός
332 2929 418 2987 φησι.
464 2903 483 2968 ὁ
507 2905 566 2986 γὰρ
597 2905 775 2988 ἡγούμενος
804 2910 868 2967 τῶν
892 2906 924 2967 ἓν
947 2905 1026 2987 αὐτῇ
1049 2905 1152 2987 ἐπέχει
1175 2907 1283 2988 χηλῶν

157 3011 266 3074 πλεῖον
298 3014 317 3094 ἢ
354 3036 420 3094 μοι.
460 3013 519 3092 ιγ’]
578 3011 830 3093 Arctophylacis
867 3012 965 3077 laeva
1001 3031 1114 3077 manus
1156 3013 1283 3078 obtinet

158 3117 290 3182 tertiam
327 3118 483 3184 decimam
514 3124 641 3198 partem
664 3117 797 3199 Librae,
831 3138 889 3200 per
927 3118 995 3183 eius
1028 3117 1112 3201 signi
1145 3118 1282 3200 primam

155 3230 283 3306 partem
308 3226 436 3290 colurus
463 3224 739 3304 aequinoctiorum
760 3224 871 3306 currit,
890 3225 1136 3304 unumquodque
1155 3226 1281 3309 signum

157 3330 365 3397 dividebatur
388 3332 421 3397 in
445 3331 583 3416 triginta
607 3336 733 3412 partes:
762 3350 876 3396 rnanns
904 3329 1005 3412 igitur
1028 3331 1279 3415 Arctophylacis

156 3437 289 3503 circiter
330 3438 462 3504 dimidio
509 3439 594 3523 signi
644 3457 758 3506 versus
800 3437 957 3503 orientem
999 3457 1019 3502 a
1061 3437 1181 3504 circulo
1222 3439 1277 3505 illo

157 3543 314 3611 distabat.
971 3603 974 3610 .

245 3652 453 3736 Hipparchus
473 3652 555 3718 satis
574 3655 718 3719 habebat
741 3654 908 3718 Eudoxum
934 3651 1124 3734 impugnare
1139 3691 1182 3699 —
1197 3672 1277 3733 quas

155 3758 319 3840 signorum
340 3765 452 3841 partes
471 3759 541 3842 ipse
561 3760 679 3825 coluris
698 3760 867 3841 tribueret,
886 3779 949 3824 non
966 3759 1103 3840 protulit
1158 3759 1277 3826 Omnes

156 3865 226 3931 eius
250 3866 394 3931 rationes
416 3869 498 3933 bene
522 3867 707 3933 intellectas
731 3872 765 3931 et
787 3871 878 3932 reete
902 3865 1067 3931 adhibitas
1097 3865 1276 3934 invenimus

156 3973 242 4052 apud
266 3971 434 4037 Manilium
456 3975 483 4057 I,
508 3981 570 4041 609
596 3994 665 4054 sqq.
712 3973 815 4056 Quam
833 3992 901 4038 rem
922 3993 983 4038 nno
1007 3975 1153 4055 exempto
1173 3976 1275 4040 allato

154 4100 323 4162 exponam.
388 4080 542 4146 Eudoxos
583 4081 713 4146 dixerat
755 4080 911 4145 Centauri
952 4080 1102 4145 dextram
1147 4101 1275 4145 manum

155 4189 263 4252 coloro
296 4188 571 4269 aequinoctiorum
604 4187 719 4254 secari.
779 4187 987 4268 Hipparchus
1025 4207 1166 4252 errorem
1205 4189 1274 4254 eius

154 4294 290 4360 refellit:
320 4297 348 4369 ,ὁ
377 4296 410 4358 δὲ
439 4297 472 4358 ἒν
499 4303 536 4378 τῇ
565 4296 650 4378 δεξιᾷ
679 4295 756 4378 χειρὶ
782 4301 839 4358 τοῦ
868 4294 1052 4375 Κενταύρου
1075 4296 1274 4359 ὑπολείπεται

153 4408 209 4465 τοῦ
229 4404 393 4484 εἰρημένου
411 4403 530 4464 κύκλου
550 4404 620 4484 περὶ
640 4403 666 4465 δ’
685 4403 785 4485 μέρος
805 4403 936 4475 ζωὸίου.
966 4403 1067 4484 ἐπέχει
1087 4401 1147 4483 γὰρ
1165 4403 1273 4486 χηλῶν
