3194 5074
1260 415 1280 482 9

253 619 310 684 sed
353 619 453 684 etiam
495 619 537 684 ad
586 619 837 700 septemtriones
883 623 918 685 et
962 619 1129 685 meridiem
1171 638 1285 685 versus

253 725 311 810 (M.
335 726 361 807 Ι,
388 731 561 790 655-650
581 753 624 779 =
644 725 684 790 d.
709 732 751 791 20
775 725 831 811 D.)
862 730 897 792 et
926 725 1045 792 dividit
1074 745 1146 791 eam
1175 725 1285 791 mundi

253 837 391 914 partem,
430 853 525 912 quam
558 832 714 914 videmus,
747 835 788 897 ab
823 853 877 914 ea,
911 852 1007 912 quam
1040 852 1103 898 non
1138 833 1284 900 videmus

254 942 313 1025 (Μ.
340 941 367 1022 Ι,
393 946 580 1005 seo—662
612 969 653 995 =
678 941 718 1006 0.
744 946 785 1005 20
809 939 873 1024 0.).
934 939 1047 1005 Finire
1083 939 1215 1006 videtur
1252 945 1286 1005 et

252 1055 375 1114 terram
399 1047 575 1130 (αἰσθητός)
600 1052 634 1112 et
656 1046 808 1112 mundum
832 1047 1027 1129 (θεωρητός)
1052 1045 1109 1130 (Μ.
1128 1047 1154 1128 Ι,
1176 1053 1283 1111 663-
1381 1049 1383 1054 ’

255 1153 335 1220 6641
363 1183 404 1209 =
429 1155 468 1220 G.
494 1160 536 1219 20
561 1151 621 1237 0.).

164 1263 215 1329 De
239 1262 383 1327 zodiaco.

255 1368 411 1447 Obliquus
436 1371 486 1432 est
509 1367 663 1432 zodiacus
687 1366 744 1451 (M.
765 1368 791 1448 Ι,
813 1363 1010 1431 666--6672
1028 1393 1071 1420 :
1090 1365 1130 1431 G.
1156 1373 1197 1432 20
1221 1366 1285 1451 Α).

254 1474 460 1541 Describitur
484 1493 543 1556 per
567 1472 685 1538 Caneri
709 1478 743 1538 et
765 1473 964 1555 Capricorni,
989 1492 1049 1554 per
1071 1472 1229 1555 Lanigeri
1253 1479 1287 1539 et

255 1584 375 1648 Librae
407 1581 501 1663 signa
532 1581 590 1662 (M.
615 1581 640 1662 I,
673 1586 848 1645 672-674
873 1611 914 1635 =
939 1581 978 1646 G.
1005 1588 1046 1646 20
1070 1579 1125 1664 Α.)
1156 1585 1190 1646 et
1219 1585 1286 1645 tres

256 1691 392 1755 circulos
416 1688 590 1770 parallelos
610 1692 701 1752 secat
720 1688 778 1773 (M.
795 1688 821 1773 Ι,
839 1684 1033 1752 675-0703
1054 1716 1094 1742 =
1110 1689 1149 1754 G.
1166 1693 1205 1752 20
1221 1685 1285 1770 Β.).

254 1796 413 1862 Latitudo
428 1794 554 1861 zodiaci
570 1800 621 1860 est
636 1794 805 1860 duodecim
822 1793 963 1876 partium
979 1795 1037 1880 (M.
1053 1795 1078 1876 Ι,
1093 1790 1286 1859 082-0034

254 1932 296 1958 =
321 1905 361 1970 0.
388 1910 429 1968 00
453 1901 516 1987 n).

165 2013 215 2076 De
240 2012 316 2076 orbe
340 2011 457 2075 lacteo.

256 2118 400 2182 Lacteus
424 2136 550 2197 quoque
570 2116 657 2182 orbis
682 2122 750 2182 tres
769 2116 842 2182 iilos
865 2116 1041 2198 parallelos
1065 2122 1157 2181 secat
1181 2116 1238 2201 (M.
1258 2118 1285 2198 Ι,

257 2231 430 2289 ceo-700
447 2253 487 2278 =
503 2224 543 2289 G.
562 2230 601 2290 21
618 2221 705 2308 D.⁵).
748 2222 812 2290 Hic
836 2224 975 2290 circulus
998 2243 1062 2288 non
1086 2223 1284 2306 cogitatione

255 2336 383 2397 tantum
416 2331 559 2413 fingitur,
600 2332 658 2396 sed
694 2334 753 2396 sub
791 2336 959 2413 aspectum
998 2332 1161 2396 oculorum
1196 2330 1286 2396 cadit

255 2439 362 2523 (0.1,
390 2435 583 2503 ror—702⁶
606 2466 648 2492 =
672 2438 712 2503 0.
738 2444 776 2504 ar
803 2437 869 2523 0.).

254 2547 429 2624 Postquam
466 2544 506 2608 de
542 2544 671 2610 circulis
709 2545 906 2610 caelestibus
945 2545 1028 2610 satis
1066 2544 1186 2611 dictum
1224 2550 1284 2622 est,

163 2673 218 2719 00.
235 2658 408 2717 005-812
429 2651 546 2716 stellae
566 2656 715 2717 errantes
734 2650 848 2732 paucis
867 2651 1142 2734 perstringuntur.
1177 2653 1284 2732 Atque

162 2760 276 2825 eodem
309 2758 421 2823 ordine
454 2763 698 2840 enumerantur,
733 2779 794 2838 quo
830 2758 917 2840 apud
948 2758 1118 2825 Geminum
1152 2778 1223 2839 cap.
1257 2761 1284 2841 Ι,

165 2887 197 2948 p.
222 2870 243 2929 4
266 2867 319 2930 Β.;
349 2865 455 2947 prima
486 2870 538 2931 est
567 2865 711 2948 Saturni,
742 2871 897 2932 secuntur
932 2864 1021 2931 Iovis
1053 2865 1170 2930 Martis
1200 2865 1285 2931 Solis

166 2972 304 3037 Veneris
327 2972 491 3054 Mercurii,
515 2973 630 3038 ultima
652 2971 795 3039 Lunae⁷.

256 3218 325 3272 ¹De
343 3236 368 3273 0.
388 3220 440 3273 665
459 3236 483 3273 v.
502 3236 528 3287 p.
547 3221 591 3273 20.

257 3307 415 3363 ²Versibus
440 3309 579 3361 607--071
607 3311 688 3376 poete
713 3307 793 3362 docet
815 3308 901 3362 Solem
929 3316 1005 3363 recta
1029 3310 1073 3364 via
1098 3327 1147 3378 per
1171 3310 1288 3363 medium

164 3395 304 3451 zodiacum
314 3394 448 3464 progredi,
465 3401 570 3449 ceteras
579 3394 673 3449 stellas
688 3400 810 3448 errantes
824 3395 875 3448 huc
890 3395 955 3449 illuc
968 3396 1109 3450 declinare.
1132 3397 1288 3450 (ileornedes

165 3487 232 3540 item
251 3502 277 3552 p.
296 3487 330 3537 34
349 3484 366 3538 l.
386 3488 402 3537 6
422 3501 478 3550 sqq.
498 3485 526 3537 Z.

257 3573 268 3604 ³
286 3574 372 3627 Man:
392 3573 444 3640 ,Sic
462 3589 520 3641 per
539 3579 595 3627 tres
613 3591 696 3644 gyros
714 3574 827 3627 inflexus
846 3574 954 3628 ducitur
968 3575 1055 3628 orbis!
1093 3576 1181 3628 idem:
1195 3575 1288 3641 ,Δοξὸς

166 3663 197 3717 δὲ
221 3663 347 3730 κέκληται
372 3665 387 3714 ὁ
406 3663 538 3724 ζωδιακὸς
563 3664 663 3722 κύκλος
686 3663 730 3717 διὰ
756 3663 783 3716 τὸ
802 3665 887 3726 λοξῶς
907 3664 1007 3732 τέμνειν
1026 3664 1085 3723 τοὺς
1104 3666 1287 3733 παραλλήλους

166 3753 302 3810 uviniovc‘
347 3752 509 3806 Accuratius
536 3752 663 3806 Geminus
694 3753 774 3822 paulo
807 3759 884 3808 ante:
912 3754 1061 3822 ,ἐφάπτεται
1095 3755 1143 3807 δύο
1176 3755 1287 3808 κύκλων

167 3845 233 3895 ἴσων
252 3863 278 3893 τε
298 3841 343 3893 καὶ
361 3841 537 3910 παραλλήλων
557 3882 562 3893 .
583 3882 589 3894 .
610 3883 615 3895 .
636 3884 642 3896 .
670 3842 715 3895 τὸν
743 3841 772 3894 δὲ
799 3843 950 3910 ἰσημερινὸν
978 3845 1039 3911 δίχα
1058 3843 1160 3911 τέμνει.ί
1188 3875 1221 3883 -
1248 3845 1288 3897 De

166 3948 210 3986 00.
230 3932 372 3984 utu-680
390 3947 415 3984 0.
431 3927 459 3998 p.
479 3933 521 3984 36.

257 4019 267 4050 ⁴
286 4020 326 4072 De
345 4036 387 4073 vv.
408 4022 489 4072 084-
497 4022 548 4072 098
567 4037 591 4073 v.
611 4037 635 4087 p.
658 4023 700 4074 57.

258 4109 268 4138 ⁵
287 4109 328 4176 (Ὁ
348 4117 393 4162 τοῦ
412 4108 550 4177 γάλακτος)
568 4111 668 4177 μείζων
685 4110 774 4162 πλάτει
789 4110 930 4172 λελόξωται
949 4118 1002 4164 τῶν
1020 4119 1155 4178 τροπικῶν
1169 4112 1286 4164 κύκλων.

258 4198 269 4233 ⁰
287 4199 327 4252 De
342 4215 385 4252 00.
405 4200 546 4251 703-804
564 4216 588 4252 v.
608 4216 633 4267 p.
653 4201 695 4252 21.

259 4287 365 4341 ⁷Hnnc
391 4287 510 4340 ordinem
536 4287 695 4342 Posidonius
721 4288 822 4356 primus
849 4288 976 4342 statuisse
1002 4288 1124 4354 videtur,
1158 4289 1191 4341 ci.
1211 4288 1288 4342 Blass

167 4377 185 4429 i.
205 4375 222 4428 l.
241 4393 266 4444 p.
289 4379 328 4430 17.
