3194 5074
1225 436 1273 504 45

157 642 292 724 dieitur,
339 645 501 721 extorum,
555 642 730 724 fulgorum,
792 645 991 707 ostentorum
1051 640 1278 725 signorumque

156 749 367 814 caelestium.‘
414 749 466 813 Ad
496 768 564 813 rem
592 747 787 813 simillimam
819 752 949 830 spectat
976 747 1104 814 Gemini
1127 768 1198 830 oap.
1225 753 1276 829 14,

65 845 67 848 Ι
156 855 248 921 cuius
272 855 399 921 initium
425 855 538 921 affero:
568 855 613 928 ,Ὁ
640 857 710 938 περὶ
740 858 959 938 ἐπισημασιῶν
989 857 1084 938 λόγος
1107 857 1194 938 παρὰ
1217 857 1278 938 μὲν

153 969 218 1033 τοῖς
250 964 387 1033 ἰδιώταις
424 964 551 1026 ἀλλοίαν
586 965 648 1045 ἔχει
686 963 841 1044 διάληψιν,
880 965 926 1033 ὡς
964 963 1014 1026 ἐπὶ
1049 969 1113 1026 τῶν
1150 965 1277 1044 ἄστρων

153 1070 310 1140 ἔπιτολαῒς
333 1071 386 1132 καὶ
410 1070 514 1132 δύσεσι
537 1075 602 1132 τιῖιν
625 1070 698 1152 περὶ
715 1069 770 1132 τὸν
789 1071 866 1150 ἀέρα
885 1070 1071 1152 μεταβολῶν
1091 1071 1275 1151 γινομένων.

154 1176 174 1238 ὁ
199 1176 233 1239 δὲ
261 1175 486 1258 μαθηματικὸς
519 1176 572 1238 καὶ
605 1175 741 1258 φυσικὸς
774 1177 883 1257 ἑτέραν
915 1178 977 1258 ἔχει
1012 1176 1127 1248 δόξαν.ί
1181 1175 1274 1239 Illam

152 1281 260 1362 ipsam
272 1281 479 1363 senteutiam,
494 1301 588 1361 quam
603 1280 795 1347 Posidonius
807 1281 987 1364 impugnat,
1004 1281 1091 1363 apud
1107 1280 1273 1346 Manilium

152 1389 286 1471 saepius
310 1389 499 1455 invenimus.
546 1390 629 1455 Η

314 1495 441 1578 ,Sidera
465 1495 611 1561 diversos
634 1495 795 1560 hominum
818 1494 984 1563 variantia
1008 1497 1111 1560 oasus‘

152 1603 193 1668 V.
220 1608 260 1668 63

402 1709 523 1792 ‚tacitis
547 1709 748 1775 dominantia
770 1709 899 1792 legibus
923 1711 1024 1776 astra‘

150 1816 264 1882 multis
288 1817 362 1882 aliis
384 1817 473 1882 loeis.
522 1817 587 1882 Sed
611 1836 680 1882 oum
705 1821 805 1898 poeta
828 1835 891 1882 non
915 1815 1127 1899 litigabimus

242 2031 303 2098 Vv.
337 2036 401 2097 483
435 2050 504 2110 sqq.
537 2034 646 2112 poeta,
680 2037 851 2113 postquam
885 2031 981 2095 Arati
1014 2049 1067 2097 vv.
1100 2035 1274 2095 451—453

149 2137 324 2202 transtulit
334 2135 354 2219 ¹,
403 2137 456 2217 qui
498 2142 572 2202 suut
615 2137 655 2203 de
697 2138 864 2202 stellarum
907 2137 1044 2201 fixarum
1087 2135 1199 2201 ordine
1241 2143 1275 2201 et

150 2243 347 2326 constantia,
373 2243 573 2309 occasionem
599 2245 741 2310 oblatam
766 2248 880 2308 tenens
905 2243 945 2308 de
969 2243 1079 2308 mundi
1100 2242 1274 2307 divinitate

148 2351 326 2415 seeundum
349 2350 557 2416 Posidonium
587 2353 690 2417 verba
719 2351 809 2416 facit.
862 2349 946 2432 Quid
978 2350 1149 2415 ostendere
1181 2349 1273 2432 velit,

150 2463 292 2538 apparet
315 2477 355 2522 ex
379 2457 491 2539 primis
515 2458 609 2522 huius
632 2456 694 2522 looi
718 2456 841 2524 verbis:

148 2569 216 2629 483
242 2564 300 2645 ,Ao
329 2563 408 2629 mihi
440 2555 508 2628 tam
540 2582 696 2644 praesens
726 2563 812 2628 ratio
843 2582 906 2627 non
937 2563 1004 2628 ulla
1039 2562 1180 2629 videtur‘
1213 2561 1271 2646 (so.

366 2691 460 2751 quam
491 2691 540 2752 ea,
573 2671 612 2735 de
645 2690 708 2751 qua
738 2671 830 2736 modo
861 2690 914 2738 vv.
945 2675 1119 2735 478—482
1152 2669 1272 2734 dietum

365 2783 425 2860 est,
451 2778 529 2843 ordo
554 2782 588 2842 et
612 2777 797 2842 constantia
821 2777 987 2843 stellarum
1011 2775 1162 2855 fixarum)
1284 2759 1286 2764 ’

242 2884 323 2967 ,Qua
346 2889 462 2966 pateat
484 2885 636 2950 mundum
660 2883 768 2950 divino
792 2882 1031 2949 numineverti

240 2993 348 3071 Atque
371 2991 475 3073 ipsum
500 3010 571 3056 esse
597 2991 711 3056 denm‘

147 3097 311 3163 Diodorus
349 3097 436 3179 apud
472 3097 632 3162 Achillem
668 3096 740 3163 voci
782 3098 926 3180 ,κόσμοςί
967 3115 1030 3160 uon
1071 3095 1175 3162 miuus
1213 3113 1271 3160 sex

148 3203 405 3286 significationes
442 3201 585 3269 tribuit?
647 3203 787 3286 Quarum
825 3202 969 3282 quintam
1004 3206 1104 3283 poeta
1138 3221 1168 3267 v.
1205 3206 1270 3266 484

148 3310 314 3376 adhibuit:
355 3313 504 3393 ,πέμτττσν
534 3311 657 3392 κόσμος
688 3311 769 3373 ἔστὶν
804 3312 822 3391 ἡ
853 3315 917 3372 τῶν
947 3310 1098 3372 ἀπλανῶν
1129 3309 1268 3391 σφαῖρα]

147 3417 238 3482 Nihil
267 3417 355 3482 aliud
385 3417 440 3482 illo
469 3421 661 3500 argumento
691 3416 823 3498 probari
855 3418 974 3497 potest,
1007 3414 1070 3479 nisi
1101 3415 1268 3480 stellarum

146 3524 285 3588 fixarum
304 3525 475 3605 sphaeram
496 3543 568 3589 esse
588 3523 740 3605 divinam,
760 3542 863 3602 ireque
888 3521 975 3586 aliud
1001 3521 1078 3601 quid
1102 3539 1203 3600 usque
1227 3522 1270 3585 ad

146 3652 178 3698 v.
206 3636 267 3696 523
294 3632 543 3697 demonstratur.
569 3669 608 3677 —
633 3631 694 3697 Vv.
715 3635 892 3695 486-494
915 3627 1068 3694 Manilius
1092 3628 1268 3709 Epicurum

147 3739 327 3820 impugnat,
353 3737 406 3817 qui
432 3738 593 3821 ,muudum
617 3736 702 3802 forte
727 3736 829 3802 coisse
849 3735 1017 3818 magistra‘
1039 3734 1169 3799 dixerit.
1216 3735 1267 3799 En

147 3845 246 3910 alium
271 3846 422 3910 muudum
445 3847 599 3910 habemus
623 3849 657 3908 et
680 3863 761 3926 eum,
788 3843 842 3923 qui
866 3863 886 3907 a
905 3843 1046 3908 Diodoro
1070 3841 1173 3924 primo
1197 3843 1267 3906 loeo

147 3951 316 4016 definitur:
344 3953 475 4034 ,κόσμος
497 3952 559 4015 ἐστὶ
582 3953 723 4033 σύστημα
748 3952 783 4023 ἒξ
807 3953 945 4033 οὐρανοῦ
968 3951 1022 4013 καὶ
1046 3957 1103 4032 γῆς
1126 3951 1179 4012 καὶ
1202 3955 1268 4012 τῶν

144 4058 264 4142 μεταξὺ
309 4060 459 4142 φύσεων.ί
506 4057 597 4140 Quae
640 4060 677 4122 ut
719 4076 789 4121 oum
835 4057 885 4138 iis,
928 4075 1011 4136 quae
1056 4055 1284 4137 praecedunt,‘

238 4307 245 4335 ¹
265 4308 297 4361 V.
318 4306 420 4360 exorirs.
440 4307 476 4359 Π.

236 4393 320 4462 2(resp.
340 4398 371 4462 ὃς
391 4395 424 4448 of.
444 4394 519 4447 Diels
538 4396 646 4462 doxogr.
669 4410 694 4460 p.
713 4395 748 4446 20
766 4409 805 4458 sq.
