3194 5074
1240 474 1285 542 15

168 684 224 740 τοῦ
242 678 443 760 περιέχεσθαι
461 679 515 741 καὶ
533 678 646 748 ταύτας
664 680 808 761 πελάγεσι
826 680 975 762 μεγάλοις
990 677 1047 763 (=
1063 698 1116 746 vv.
1134 685 1195 744 165
1213 680 1286 762 sq).

164 784 243 848 Ἀπό
267 785 302 848 δὲ
329 792 384 849 τοῦ
408 785 525 856 ὕδατος
546 784 601 848 τὸν
629 787 707 875 ἀέρα
731 787 871 869 ε’ξῆφθαι
893 787 1042 868 καθάπερ
1065 787 1287 869 ἐξατμισθέντα

169 889 226 975 (=
251 910 304 957 vv.
331 897 391 956 157
417 890 480 976 sq.)
506 942 511 954 .
538 942 543 955 .
569 942 574 954 .
599 894 634 955 ἐκ
660 893 695 956 δὲ
718 893 830 956 τούτου
855 892 908 956 τὸν
930 894 1042 975 αἰθέρα
1067 891 1124 977 (=
1143 913 1173 960 v.
1198 893 1285 978 154).

258 997 402 1063 Achilles
425 997 536 1063 eodem
561 999 665 1080 modo,
691 999 748 1064 sed
778 1001 878 1064 multo
902 999 1033 1066 brevius
1057 1000 1286 1066 elementorum

64 1083 76 1100 ”
168 1103 314 1170 ordinem
347 1105 501 1170 describit
540 1125 610 1187 cap.
644 1105 1007 1191 4(p.1aeB.-d.).
1061 1107 1131 1171 uon
1164 1107 1285 1172 minimi

167 1211 321 1277 momenti
346 1217 397 1277 est
420 1213 494 1278 hoe:
519 1212 712 1280 Posidonius
736 1218 806 1278 tolo
829 1213 885 1278 illo
909 1214 989 1294 loeo,
1013 1233 1106 1292 quem
1126 1213 1286 1280 Stobaeus

167 1319 324 1401 servavit,
353 1319 526 1402 Chrysippi
554 1319 751 1385 sententiam
782 1321 941 1402 exposuit.
993 1319 1140 1384 Eundem
1171 1322 1287 1386 laudat

167 1427 313 1491 Aobilles
336 1447 407 1509 cap.
432 1433 454 1493 4
476 1427 538 1492 imi

519 1629 549 1688 4.
596 1624 644 1687 Εἰ
664 1626 938 1708 ἕστηκενὴγῆ.

327 1731 427 1816 (blan.
452 1732 478 1813 I,
506 1736 688 1811 los-eon,
715 1729 832 1795 Aebill.
858 1751 951 1812 oapp.
976 1736 998 1796 4
1022 1736 1055 1796 et
1079 1732 1124 1817 9.)

254 1855 411 1922 Versibus
455 1862 628 1922 loa-172
670 1860 770 1938 poeta
809 1856 905 1920 docet
946 1861 1068 1920 ternam
1108 1861 1284 1938 propterea

164 1962 357 2028 immobilem
387 1963 539 2045 pendere,
566 1963 641 2043 quia
673 1969 786 2045 partes
816 1963 885 2028 eius
912 1964 1053 2044 undique
1078 1963 1282 2044 cecidissent,

165 2070 272 2149 quoad
313 2069 345 2135 in
377 2069 515 2135 medium
554 2070 705 2136 mundum
739 2070 988 2136 concurrissent.
1044 2069 1135 2152 Quae
1167 2069 1284 2136 luisset

165 2196 264 2241 eausa
295 2176 443 2256 cadendi,
473 2175 603 2241 omittit.
659 2178 708 2241 Ile
738 2178 801 2242 bao
832 2197 868 2241 re
897 2177 1008 2241 Cicero
1039 2196 1097 2242 nos
1127 2177 1283 2242 tentiones

164 2282 256 2364 faoit,
295 2283 349 2362 qui
386 2283 517 2348 uberius
555 2303 650 2363 quam
682 2284 837 2349 Manilius
875 2285 916 2349 de
952 2283 1063 2350 numdi
1101 2289 1134 2350 et
1173 2290 1283 2350 terrae

163 2391 348 2456 stabilitate
379 2391 553 2456 seeundum
577 2391 786 2456 Posidonium
816 2391 997 2458 haecdicit
1022 2391 1077 2476 (de
1101 2397 1167 2456 nat.
1194 2393 1281 2456 deor.

162 2498 206 2579 II,
234 2495 343 2581 115¹):
377 2497 506 2579 ,Omnes
536 2496 621 2562 enim
651 2503 763 2579 partes
794 2498 863 2563 eius
896 2499 955 2585 (se.
984 2498 1108 2584 mundi)
1141 2498 1281 2579 undique

161 2605 300 2671 medium
327 2606 431 2670 loeum
456 2609 666 2685 capessentes
690 2605 837 2669 nituntur
861 2605 1045 2684 aequaliter
1070 2657 1076 2670 .
1103 2656 1109 2669 .
1136 2657 1142 2669 .
1169 2656 1176 2669 .
1201 2605 1283 2688 Quo·

158 2711 256 2794 eirea,
281 2712 309 2777 si
341 2712 478 2778 mundus
502 2713 653 2795 globosus
685 2716 738 2777 est
771 2714 811 2776 ob
844 2731 979 2792 eamque
1009 2731 1138 2777 oausam
1172 2732 1282 2777 omnes

158 2819 229 2885 eius
255 2824 367 2901 pantes
397 2819 537 2899 undique
568 2819 756 2900 aequabiles
786 2819 879 2900 ipsae
913 2839 972 2900 per
1000 2838 1034 2884 se
1066 2824 1165 2900 atque
1195 2818 1282 2884 inter

159 2945 195 2990 se
229 2926 445 3007 eontinentur,
480 2926 670 3009 contingere
703 2926 788 2991 idem
825 2932 936 2992 terrae
969 2945 1102 2992 neeesse
1142 2931 1208 3008 est,
1246 2933 1282 2992 ut

159 3032 304 3099 omnibus
338 3034 406 3098 eius
439 3034 588 3115 partibus
622 3034 655 3097 in
688 3033 827 3098 medium
855 3033 1067 3116 vergentibus
1100 3033 1148 3117 (id
1173 3039 1281 3100 autern

159 3138 297 3204 medium
331 3140 472 3206 infimum
505 3139 537 3204 in
572 3141 712 3220 sphaera
745 3141 810 3223 est)
845 3141 926 3205 nibil
959 3140 1187 3223 interrumpat⁷
1220 3126 1281 3221 quo

157 3247 355 3312 labefactari
378 3247 482 3328 possit
512 3250 608 3311 tanta
632 3247 797 3311 eontentio
821 3246 999 3328 gravitatis
1025 3253 1058 3311 et
1081 3248 1279 3328 ponderum.‘

247 3354 392 3420 Achilles
412 3374 482 3436 oap.
503 3359 524 3419 4
543 3355 773 3419 elementorum
795 3353 939 3418 ordinem
960 3354 1116 3434 exemplis
1135 3355 1281 3419 illustrat

159 3466 259 3540 atque
293 3461 354 3526 duo
393 3461 503 3543 affert,
539 3461 654 3541 quibus
689 3461 888 3541 declaretur,
929 3462 974 3523 ὅτι
1014 3463 1141 3543 ἕστηκεν
1179 3464 1198 3543 ἡ
1228 3469 1279 3545 γῆ.

158 3567 346 3633 Manilianis
371 3587 495 3647 quoquo
519 3569 611 3632 modo
636 3567 754 3633 similia
778 3572 854 3632 sunt
875 3568 973 3632 haee:
994 3568 1058 3648 ,καὶ
1080 3568 1136 3651 τὴν
1160 3575 1219 3650 γῆν
1244 3570 1279 3631 δὲ

157 3676 362 3758 πανταχόθεν
385 3676 448 3738 ὑπὸ
470 3681 525 3738 τοῦ
545 3676 640 3757 ἀέρας
660 3676 855 3757 α’)θουμένην
870 3674 1052 3756 ἰσορρόπως
1076 3676 1109 3738 ἐν
1127 3685 1172 3758 τῷ
1189 3678 1279 3759 μέσῳ
1362 3673 1365 3675 ’

157 3781 233 3845 εἶναι
270 3782 325 3844 καὶ
361 3783 504 3845 ἑστάναι.ι
566 3782 766 3863 Quamquam
805 3781 892 3846 baud
929 3781 1042 3864 ignoro
1079 3782 1130 3847 bis
1169 3783 1278 3850 verbis

157 3887 324 3953 Posidonii
356 3888 534 3953 doctrinam
564 3908 626 3952 non
656 3895 809 3954 eeonnrate
837 3908 1024 3970 expressam
1053 3907 1135 3954 esse.
1183 3891 1278 3954 Hane

157 3994 262 4076 ipsam
294 3994 439 4060 Achilles
472 4015 541 4077 oap.
578 4003 596 4059 9
630 3996 746 4059 tradit:
781 3997 872 4077 ,φασὶ
905 3996 939 4059 δὲ
971 3995 1030 4079 (so.
1064 3999 1095 4060 οἱ
1121 3997 1275 4080 Στωϊκοὶ)

155 4103 263 4185 μένειν
292 4103 346 4166 τὸν
376 4103 501 4185 κόσμον
533 4104 566 4166 ἒν
596 4103 717 4184 ἀπείρῳ
749 4111 835 4184 κενῷ
867 4103 918 4165 διὰ
947 4103 1003 4185 τὴν
1032 4104 1082 4166 ἐπὶ
1113 4103 1147 4166 τὸ
1176 4107 1277 4186 μέσον

157 4210 283 4292 φοράν.ι

248 4439 256 4469 ¹
276 4438 447 4502 Sehweuolre‚
468 4453 528 4491 anu
548 4437 713 4491 Fleckeisen.
735 4439 794 4502 119,
813 4455 838 4504 p.
861 4438 909 4489 135
929 4453 984 4504 sqq.
1096 4425 1098 4430 ’
