3194 5074
1229 461 1276 528 25

187 699 191 704 -
247 663 318 728 Duo
356 668 530 744 praeterea
567 662 654 730 illius
690 663 797 746 operis
833 664 1020 747 fragmenta
1055 666 1097 731 ad
1133 670 1278 731 nostrum

157 775 287 852 tempus
319 775 518 835 manserunt.
566 769 707 853 Quorum
740 772 878 836 alterum
908 791 966 838 nos
997 773 1092 838 doeet
1116 773 1213 837 solem
1239 793 1280 837 ex

157 877 234 960 igne
257 896 337 957 puro
362 884 513 944 constare
536 879 634 952 ,καθά
658 903 736 961 φησι
760 878 977 950 Ποσειδώνιος
1009 881 1043 942 ἓν
1065 889 1112 962 τῷ
1138 881 1175 954 ιζ’
1198 879 1280 962 Περὶ

156 986 341 1067 μεταίκκυνι
367 984 604 1069 (Diog.Lae1·t.
620 986 694 1067 VII,
713 985 801 1072 144).
847 986 993 1051 Achilles
1018 986 1045 1051 si
1068 991 1215 1052 veterum
1228 987 1280 1060 ,de

157 1091 298 1156 materia
322 1091 399 1157 solis
418 1091 543 1174 placita
567 1094 608 1157 ab
626 1092 769 1173 Eudoro,
787 1112 849 1157 non
870 1112 890 1157 a
908 1093 1085 1158 Plutarcho
1104 1099 1279 1175 personato

42 1289 45 1296 .
158 1196 377 1281 sumpsisset¹,
398 1199 468 1264 sine
493 1199 588 1264 dubio
611 1200 697 1264 hano
720 1197 970 1264 Posidonianam
996 1219 1121 1280 quoque
1146 1220 1215 1281 cap.
1240 1206 1278 1265 19

157 1304 359 1387 protulisset.
407 1306 557 1372 Ceterum
588 1308 630 1372 de
658 1306 805 1372 omnibus
833 1307 995 1373 sideribus
1022 1307 1108 1372 idem
1134 1306 1213 1372 dicit
1237 1345 1280 1353 —

159 1414 334 1478 seeundum
359 1413 536 1495 Eudorum,
562 1414 589 1479 si
620 1415 670 1479 dis
698 1411 888 1495 plaeet1-
910 1421 1053 1495 eaull:
1080 1416 1121 1496 ,oi
1142 1415 1281 1478 Στωϊκοὶ

159 1520 194 1583 δὲ
217 1522 253 1583 ἔκ
277 1521 381 1602 πυρὸς
405 1521 548 1602 λέγουσιν
572 1521 823 1603 attonsurae&
847 1521 882 1584 δὲ
905 1528 961 1585 τοῦ
985 1522 1078 1584 θείου
1101 1522 1154 1584 καὶ
1177 1522 1279 1585 ἀϊδίου

157 1627 212 1690 καὶ
235 1629 273 1691 οὐ
296 1629 517 1710 παραπλησίου
541 1635 586 1710 τῷ
605 1637 681 1710 παρ’
706 1629 801 1711 ἡμῖν.ι
1081 1623 1084 1629 ’

248 1735 395 1799 Alterum
428 1732 657 1817 fragmentum,
690 1754 750 1814 quo
783 1733 906 1800 formae
938 1733 1062 1799 solidae
1093 1733 1281 1816 superficies

159 1841 321 1918 definitur,
346 1841 379 1906 in
404 1860 460 1906 suo
483 1841 553 1906 loeo
579 1846 668 1907 certe
693 1840 845 1907 collocari
868 1860 931 1906 non
955 1847 1073 1922 potest.
1121 1840 1184 1906 Sed
1209 1861 1279 1906 eum

158 1947 256 2030 Diog.
295 1949 408 2013 Laert.
428 1948 518 2031 tul,
554 1954 614 2014 135
656 1948 772 2014 librum
810 1947 942 2014 tertium
980 1949 1103 2030 laudet,
1140 1947 1280 2013 fortasse

160 2054 320 2137 suspicari
353 2055 431 2122 lieet
460 2055 678 2138 Posidonium,
712 2055 767 2121 ubi
797 2055 935 2136 primum
969 2056 1008 2120 de
1041 2055 1146 2120 forma
1176 2054 1281 2120 solida
1365 2035 1369 2045 ¹

161 2162 330 2227 dicendum
369 2167 452 2244 erat,
487 2162 718 2246 geometricam
757 2162 827 2228 eius
863 2162 1024 2228 rationem
1062 2161 1192 2228 uberius
1230 2181 1282 2226 ex-

159 2269 317 2351 posuisse.
363 2270 471 2349 Atque
491 2269 635 2334 Achilles
659 2288 761 2334 exeo
786 2269 905 2351 eapite,
931 2269 1016 2349 quod
1040 2274 1091 2334 est
1115 2270 1154 2335 de
1170 2269 1282 2334 muudi

160 2377 275 2459 figura,
322 2376 436 2442 talium
484 2376 705 2442 definitionum
751 2376 896 2459 uestigia
941 2378 1093 2458 praebet:
1137 2396 1207 2458 cap.
1252 2384 1282 2458 6,

161 2505 193 2566 p.
221 2490 282 2549 130
306 2484 360 2548 Ε.;
387 2485 430 2566 ,τὸ
456 2485 490 2547 δὲ
513 2492 569 2566 τῆς
593 2487 732 2567 σφαίρας
760 2484 820 2569 (se.
845 2483 966 2567 σχῆμα)
991 2485 1192 2566 πανταχόθεν
1216 2483 1283 2546 ἴσον

161 2593 215 2655 καὶ
246 2593 309 2655 ἀπὸ
341 2598 397 2654 τοῦ
428 2593 530 2674 μέσου
564 2592 697 2673 κέντρου
731 2591 966 2674 ἐκβαλλομένας
996 2593 1122 2661 εὐθείας
1151 2593 1194 2661 εἷς
1226 2591 1283 2673 τὴν

162 2701 385 2782 ἐπιφάνειαν
409 2698 447 2783 (ί)
471 2701 541 2768 ἴσας
564 2701 661 2780 ἔχου]

250 2806 311 2871 His
347 2806 528 2871 addendum
561 2811 613 2871 est
643 2825 739 2871 unum
772 2805 1000 2888 fragmentum.
1056 2805 1108 2869 Ex
1141 2805 1282 2885 epitome

161 2913 414 2995 meteorologiea
446 2913 634 2978 Alexander
666 2912 930 2995 Aphrodisiensis
968 2912 1037 2977 sine
1073 2912 1169 2977 dubio
1212 2931 1282 2976 eum

161 3024 266 3087 loeum
309 3020 463 3101 sumpsit,
502 3040 563 3100 quo
602 3021 775 3086 seeundum
814 3019 984 3086 Geminum
1029 3019 1131 3084 tradit
1173 3039 1282 3084 areum

162 3130 336 3194 caelestem
372 3146 443 3192 esse
476 3128 569 3208 quasi
606 3126 779 3211 imaginem
812 3129 944 3209 speculo
978 3147 1203 3209 repercussam
1235 3127 1281 3210 (iu

162 3240 296 3302 meteor.
321 3255 352 3316 p.
380 3241 457 3317 1183
482 3236 588 3300 Blass.
613 3235 634 3299 l.
658 3237 678 3300 l.
704 3256 734 3317 p.
763 3235 828 3320 11).
874 3234 1019 3300 Achilles
1051 3254 1121 3315 aar).
1148 3239 1189 3299 34
1221 3253 1284 3298 uon

160 3342 225 3408 nisi
249 3341 440 3409 brevissime
463 3343 638 3408 honorem
662 3342 782 3425 tangit:
818 3344 923 3423 ,ὁπότε
952 3342 986 3405 δὲ
1010 3342 1188 3424 ῖκματῶὸες
1211 3346 1284 3424 φῶς

162 3453 282 3532 ὁρᾶται,
306 3451 441 3513 καλεῖται
464 3450 543 3532 ῖριςὲ
586 3453 690 3515 Areus
715 3449 870 3532 originem
896 3467 1056 3531 exponere
1081 3449 1281 3529 supersedet.

685 3690 755 3759 ΠΙ.

188 3859 249 3927 De
273 3858 511 3927 Aristotelis
534 3859 749 3941 personati
772 3858 893 3940 libro,
918 3858 993 3940 qui
1018 3862 1099 3943 ,περὶ
1122 3862 1257 3944 κόσμου’

598 3966 856 4034 inscribitur.

255 4093 385 4176 Restat,
400 4099 436 4158 ut
453 4095 492 4159 de
508 4114 570 4158 uuo
584 4113 681 4175 opere
697 4093 813 4174 dicam,
827 4093 911 4172 quod
924 4092 1090 4158 Posidonii
1104 4092 1283 4157 doctrinam

164 4201 448 4284 meteorologieam
482 4201 636 4284 eontinet,
668 4201 707 4265 de
740 4200 821 4264 libro
854 4201 935 4281 ,περὶ
965 4201 1114 4283 κόσμου,
1143 4199 1196 4278 qui
1226 4201 1284 4263 sub

163 4307 355 4374 Aristotelis
392 4307 519 4372 nomine
556 4307 668 4373 fertur.
731 4307 833 4390 Quam
873 4306 1032 4371 rationem
1075 4305 1169 4370 huius
1210 4305 1284 4371 libri

191 4420 487 4518 '‘Tmen‘'doxogr.
507 4464 532 4514 p.
552 4449 595 4500 25.
