3194 5074
845 622 893 691 ΙΙ.

610 791 671 859 De
695 790 869 858 Manilio
893 793 935 859 et
957 790 1130 858 Achille.

401 936 474 1000 Una
516 955 587 1000 cum
628 935 842 1002 Geminianae
886 935 1044 1017 epitomes
1084 933 1231 1014 reliquiis
1271 934 1429 1001 Petavius

312 1041 447 1106 similem
486 1042 749 1108 commentarium
787 1041 900 1124 edidit,
939 1042 993 1122 qui
1030 1041 1231 1113 inscribitur:
1268 1043 1329 1124 ,Ἐκ
1365 1049 1430 1106 τῶν

308 1150 473 1232 Ἀχιλλέως
502 1151 583 1233 πρὸς
612 1151 789 1233 εἰσαγωγὴν
816 1153 858 1222 εἰς
887 1149 925 1213 τὰ
945 1151 1080 1232 Ἀράτου
1112 1147 1328 1232 daromam&
1379 1150 1429 1215 De

313 1255 374 1320 hoc
403 1255 486 1321 libro
517 1256 668 1338 Achillis,
700 1275 794 1336 quem
823 1276 887 1322 nou
918 1256 1015 1322 alium
1048 1275 1119 1322 esse
1152 1256 1214 1322 nisi
1246 1255 1428 1322 fabularum

314 1361 505 1443 scriptorem
536 1362 654 1428 Suidas
684 1382 838 1444 perverse
870 1368 984 1429 auctor
1019 1360 1098 1446 est‘l,
1127 1362 1269 1428 Dielsius
1298 1363 1428 1446 doxogr.

314 1470 370 1534 Gr.
401 1491 433 1550 p.
467 1477 505 1535 19
537 1489 606 1550 sqq.
640 1476 674 1536 et
705 1470 772 1535 alia
802 1476 837 1536 et
865 1472 947 1536 haec
979 1469 1048 1536 iere
1078 1469 1211 1535 statuit:
1245 1470 1429 1552 ,Maximam

313 1581 440 1656 partem
461 1576 603 1642 Achilles
623 1575 841 1642 Posidoniaua
865 1577 1009 1659 protulit.
1044 1576 1109 1642 Sed
1128 1575 1229 1658 ipsius
1248 1576 1429 1658 philosophi

314 1701 414 1763 opere
454 1703 517 1749 nou
560 1684 653 1750 adiit.
718 1685 818 1749 Immo
861 1684 1011 1749 adhibuit
1051 1703 1107 1766 ea,
1145 1702 1228 1762 quae
1269 1683 1429 1765 Eudorus

313 1790 453 1872 Augusti
491 1791 653 1876 aequalis
693 1811 713 1856 a
755 1791 896 1857 Diodoro
939 1789 1171 1856 mathematico
1208 1789 1430 1856 Alexandrino

313 1901 479 1962 mutuatus
509 1905 592 1963 erat.
644 1899 806 1964 Diodorus
837 1904 960 1980 autem,
984 1898 1151 1963 Posidonii
1176 1897 1366 1979 discipulus,
1392 1916 1429 1961 eo

312 2003 405 2085 libr0,
431 2023 493 2084 quo
517 2005 668 2072 Eudorus
692 2009 855 2088 utebatur,
878 2004 1027 2089 magistri
1051 2004 1228 2089 praecipue
1251 2004 1430 2070 doctrinam

314 2109 565 2194 divulgaverat}

402 2218 573 2284 (buteram
609 2220 671 2286 hac
709 2225 805 2301 parte
842 2219 1064 2286 commentarii
1101 2219 1241 2284 Achillei
1275 2218 1432 2298 reliquias

314 2343 384 2389 cnm
403 2324 530 2389 Manilii
549 2325 631 2390 libro
651 2327 676 2390 l.
718 2328 826 2406 Atque
851 2332 887 2392 ut
906 2348 955 2409 ea,
977 2345 1060 2406 quae
1083 2326 1170 2391 inter
1190 2345 1224 2390 se
1244 2327 1431 2406 cohaerent,

314 2452 334 2495 a
367 2432 486 2496 ceteris
522 2434 605 2498 bene
640 2433 896 2516 distinguantur,
936 2433 1064 2516 singula
1102 2432 1213 2513 capita
1252 2431 1431 2513 disponam,

314 2537 428 2618 quibus
461 2539 545 2604 tales
577 2539 806 2622 inscriptiones
839 2542 967 2616 addam,
1002 2541 1115 2620 quales
1148 2560 1188 2605 ex
1226 2538 1432 2620 physicorum

312 2644 466 2710 librorum
495 2647 726 2729 manuscriptis
755 2649 973 2731 cognovimus.
1025 2647 1168 2730 Singulis
1197 2646 1358 2726 capitibus
1389 2649 1433 2711 ab

315 2771 352 2816 eo
377 2752 538 2834 exordiar,
568 2758 604 2819 ut
627 2755 796 2820 ostendam
822 2793 863 2800 --
888 2759 1042 2832 quantum
1066 2754 1137 2818 fieri
1160 2757 1269 2834 potest
1294 2752 1435 2832 —quid

314 2857 467 2924 Manilius
492 2880 511 2924 a
534 2861 708 2927 Posidonio
732 2859 916 2941 sumpserit.

703 3064 730 3122 1.
777 3055 1044 3121 Prooemium.

550 3167 651 3252 (Mau.
676 3167 702 3248 I,
728 3170 891 3246 66-117,
916 3163 1033 3229 Achill.
1054 3184 1124 3246 cap.
1152 3164 1195 3246 1.)

405 3292 558 3358 Manilius
582 3297 752 3374 postquam
777 3310 829 3357 vv.
851 3295 979 3355 25—65
1001 3289 1159 3370 exposuit,
1180 3289 1264 3352 unde
1287 3287 1435 3359 homines

318 3398 509 3464 facultatem
534 3398 702 3466 divinandi
726 3399 898 3479 haberent,
922 3396 1070 3462 versibus
1094 3394 1338 3473 insequentibus
1363 3396 1435 3460 rhe-

317 3505 420 3571 torice
445 3507 485 3571 de
510 3506 626 3571 artium
649 3505 838 3571 inventione
857 3507 960 3570 verba
983 3502 1077 3568 facit:
1097 3501 1242 3566 homines
1261 3505 1434 3583 postquam

318 3618 445 3678 ceteras
465 3619 554 3678 artes
575 3611 811 3694 cognovissent,
832 3610 865 3676 iu
884 3610 988 3691 ipsum
1011 3610 1136 3676 caelum
1156 3607 1342 3673 ascendisse
1361 3607 1382 3672 i.
1404 3629 1433 3674 e.

317 3720 548 3784 astronomiam
572 3724 606 3782 et
630 3717 840 3799 astrologiam
864 3716 1035 3797 reperisse.

406 3826 498 3908 Quod
532 3825 654 3889 attinet
686 3824 728 3888 ad
760 3825 844 3888 hanc
874 3828 1015 3904 partem,
1046 3820 1165 3886 Achilli
1198 3841 1266 3886 cum
1299 3822 1433 3888 Manilio

318 3953 381 3998 non
413 3932 475 3997 nisi
507 3933 569 3996 hoc
598 3950 763 3995 comuume
798 3933 859 4011 est,
896 3929 980 4008 quod
1018 3948 1089 4009 cap.
1124 3934 1138 3992 l
1172 3927 1212 3992 de
1244 3929 1357 3992 eadem
1397 3950 1433 3994 re

317 4038 469 4118 loquitur.
517 4037 717 4118 Quamquam
747 4056 811 4100 uou
834 4037 867 4101 in
898 4035 1034 4100 eandem
1059 4034 1264 4099 sententiam.
1311 4035 1435 4101 Narrat

318 4145 416 4225 enim,
442 4143 518 4223 quid
549 4148 678 4209 veteres
707 4141 794 4207 inter
827 4161 861 4207 se
886 4140 1116 4207 dissentientes
1145 4142 1185 4206 de
1209 4141 1435 4208 inventoribus

408 4284 418 4316 ¹
435 4254 627 4354 Urosslogium
645 4301 670 4352 p.
692 4285 740 4336 121
760 4300 817 4350 sqq.

407 4373 418 4402 ²
436 4391 456 4426 s.
475 4391 501 4427 v.
517 4373 643 4441 Ἀχιλλεὺς
661 4373 778 4432 Στάτιος.
