3194 5074
331 447 378 513 22

328 650 395 717 Sed
433 651 495 714 hoc
531 648 665 715 levioris
703 647 855 712 momenti
892 650 953 712 est.
1013 645 1092 710 Plus
1131 645 1244 710 valent
1280 663 1328 724 ea,
1362 663 1445 723 qnae

327 760 490 822 secuntur.

415 861 583 928 Adversus
616 879 681 942 eos,
715 859 769 939 qui
803 858 957 924 dicebant
993 862 1135 922 cometas
1169 857 1301 936 ,habere
1333 874 1446 920 cursus

326 989 400 1036 suos
430 972 464 1033 et
487 972 562 1050 post
585 972 677 1032 certa
699 968 804 1032 lustra
837 965 870 1029 in
901 969 1108 1045 conspectum
1139 963 1321 1028 mortalium
1345 962 1444 1026 exire‘

329 1075 522 1142 Posidonius
555 1073 672 1140 statuit
705 1093 787 1156 ,esse
816 1072 954 1154 quidem,
979 1072 1132 1153 sednon,
1158 1069 1273 1150 quibus
1305 1069 1445 1134 siderum

326 1203 440 1248 nomen
469 1181 627 1263 imponas
652 1181 728 1261 quia
758 1180 945 1245 dilabuntur
967 1198 1028 1244 nec
1057 1178 1111 1243 diu
1136 1179 1256 1243 durant
1279 1183 1313 1242 ct
1337 1176 1445 1259 exigui

325 1289 481 1371 temporis
509 1308 600 1353 mora
628 1288 849 1370 dissipantur.‘
886 1286 976 1370 (Son.
1000 1287 1021 1350 l.
1047 1287 1067 1350 l.
1095 1284 1202 1370 19,a)
1248 1285 1318 1348 Hoc
1341 1284 1444 1365 ipsum

328 1396 482 1461 Manilius
502 1395 646 1460 affirmat
665 1415 717 1461 vv.
740 1400 803 1460 823
821 1414 902 1475 sqq,
923 1395 980 1458 sed
1003 1393 1144 1472 loquitur
1168 1412 1232 1456 non
1255 1390 1318 1456 nisi
1342 1391 1382 1455 de
1405 1390 1446 1455 iis

326 1503 465 1585 ignibus
498 1502 553 1582 qui
582 1502 688 1568 subito
712 1501 858 1566 existunt
891 1506 925 1566 et
958 1500 1022 1565 cito
1051 1504 1203 1582 perennt3
1235 1517 1291 1563 eas
1322 1499 1446 1577 stellas,

328 1629 408 1690 quas
430 1609 527 1675 hodie
551 1614 694 1674 cometas
719 1608 887 1690 appellare
912 1608 1051 1672 solemus
1075 1613 1109 1671 et
1134 1625 1214 1686 quas
1239 1606 1365 1671 Seneca
1387 1605 1443 1668 l.l.

327 1716 446 1799 tangit,
471 1715 597 1782 omnino
622 1735 684 1780 non
709 1734 865 1798 cognosse
888 1714 1033 1782 uidetur!
1263 1705 1265 1711 ’

415 1825 455 1889 V.
480 1828 545 1888 834
568 1827 712 1888 cometas
737 1822 899 1903 appellat:

450 1929 608 2010 ,Lumina
633 1948 714 2008 quae
739 1928 855 1994 subitis
880 1926 1026 1994 existunt
1048 1933 1128 1992 nata
1152 1925 1317 1992 tenebris}

328 2038 422 2102 Unde
435 2038 516 2101 haec
528 2055 613 2103 nova
628 2035 837 2118 designatio?
864 2035 915 2098 Ex
927 2033 1103 2116 Posidonii,
1117 2033 1240 2116 opinor,
1253 2033 1345 2098 libro.
1372 2033 1444 2098 Sen.

327 2145 348 2208 l.
369 2145 389 2208 l.
411 2149 509 2225 aest:
533 2144 666 2228 ,Multos
690 2147 833 2207 cometas
857 2162 920 2206 non
944 2141 1100 2223 videmus,
1126 2142 1210 2220 quod
1235 2143 1447 2206 obscurantur

327 2251 430 2315 radiis
462 2250 549 2315 solis.
575 2269 635 2329 qno
669 2249 839 2314 deficiente
874 2250 1033 2329 quondam
1068 2254 1214 2312 cometen
1245 2235 1445 2329 adparuisse,

329 2377 422 2438 quem
455 2358 503 2422 sol
535 2356 661 2422 uicinus
694 2361 834 2438 texerat,
868 2355 1063 2421 Posidonius
1096 2354 1239 2420 tradit‘¹.
1295 2353 1448 2420 Manilius

327 2465 428 2546 igitur
457 2464 501 2545 id,
534 2463 618 2543 qnod
649 2463 857 2545 philosophus
888 2464 988 2528 semel
1018 2462 1140 2527 factum
1172 2481 1244 2526 esse
1278 2461 1371 2543 dixit,
1400 2461 1448 2526 ita

328 2571 440 2653 refert,
465 2577 632 2651 tamquam
657 2580 783 2652 semper
806 2571 911 2636 fieret.

417 2679 478 2744 Vv.
497 2684 558 2743 831
580 2698 649 2758 sqq.
671 2677 828 2742 describit
847 2677 941 2743 varia
960 2681 1159 2742 cometarum
1178 2695 1314 2758 genera:
1335 2675 1449 2740 stellas

330 2785 463 2850 crinitas
492 2791 525 2850 et
555 2787 723 2863 barbatas,
756 2785 865 2848 trebes
899 2790 933 2847 et
966 2784 1139 2866 columns,
1165 2783 1264 2864 dolia,
1294 2782 1448 2863 capellas,

328 2893 508 2975 lampadas,
542 2890 751 2972 praecipites.
783 2929 824 2935 -
856 2890 1027 2954 Columnas
1061 2890 1186 2956 Seneca
1218 2910 1281 2954 non
1314 2888 1377 2954 nisi
1409 2909 1450 2954 ex

328 2998 496 3064 Posidonii
515 2998 597 3063 libro
616 3016 771 3079 cognosse
791 2996 932 3078 videtur,
953 3003 1004 3078 20,
1019 3004 1052 3061 2:
1073 2999 1143 3079 ‚noc
1160 2998 1229 3062 loco
1254 2981 1335 3061 sunt¹
1351 2996 1410 3062 illa
1431 3017 1450 3061 a

328 3105 502 3170 Posidonio
516 3104 640 3185 scripta
649 3103 816 3185 miracula,
831 3104 998 3169 columnae
1012 3104 1172 3186 clipeique
1181 3105 1362 3185 flagrantes
1376 3105 1449 3168 etc‘

331 3213 475 3277 —Tria
507 3213 565 3276 illa
599 3231 838 3294 generamine
869 3211 1024 3277 Manilius
1057 3212 1171 3277 ultima
1205 3216 1383 3293 enumerat,
1408 3213 1450 3276 ab

331 3319 509 3385 Aristotele
540 3338 665 3398 quoque
695 3338 758 3383 una
788 3323 1087 3400 commemorantur,
1120 3322 1253 3382 meteor.
1301 3319 1325 3400 l,
1350 3324 1383 3382 4:
1409 3321 1451 3400 ,οἱ

330 3429 520 3510 καλούμενοι
550 3428 641 3490 dodoi
668 3428 722 3489 καὶ
746 3426 830 3508 αἶγες
858 3427 913 3490 καὶ
941 3428 1087 3507 ἀστέρες]
1133 3425 1204 3490 Non
1228 3425 1350 3501 dubita,
1375 3425 1451 3505 quin

331 3541 430 3616 poeta
445 3536 527 3600 haec
542 3533 744 3599 Aristotelea
759 3553 778 3598 a
792 3532 967 3599 Posidonio
983 3532 1158 3614 acceperit,
1177 3532 1231 3612 qni
1251 3537 1451 3614 quantopere

333 3647 489 3708 avetere
513 3641 703 3723 philosopho
728 3641 881 3722 pendeat,
906 3659 998 3705 nemo
1024 3644 1075 3705 est
1099 3640 1173 3720 quin
1199 3640 1292 3705 sciat.

421 3749 491 3812 Iam
524 3747 606 3812 satis
639 3752 769 3812 constat
801 3752 903 3812 totam
934 3749 1019 3812 hanc
1047 3747 1293 3814 Astronomicon
1323 3753 1451 3828 partem

334 3876 374 3921 ex
396 3853 564 3919 Posidonii
597 3853 705 3934 aliquo
737 3853 819 3919 libro
851 3853 992 3918 linxisse.
1040 3852 1123 3935 Quid
1153 3854 1218 3918 iam
1243 3853 1387 3919 dicamus
1412 3854 1453 3919 de

334 3961 499 4028 sententia
535 3961 602 4044 illa,
642 3980 706 4042 qua
744 3959 894 4026 discimus
936 3966 1046 4025 terrae
1089 3960 1329 4025 exhalationem
1366 3960 1454 4026 aeris

335 4070 443 4135 calore
480 4068 625 4150 accendi,
667 4088 730 4133 non
772 4067 916 4132 aetheris
958 4067 1096 4149 affricta,
1140 4068 1224 4148 qnod
1260 4066 1455 4134 Posidonius

426 4318 494 4372 1ολ.
519 4317 616 4371 Achill.
645 4334 701 4384 cap.
721 4318 753 4368 21
773 4316 822 4368 fin:
852 4315 879 4367 ἓν
906 4323 969 4382 γοῦν
996 4315 1129 4384 ἐκλείψεσι
1157 4324 1202 4369 τοῦ
1228 4316 1302 4384 ἡλίου
1327 4316 1456 4376 πολλάκις

336 4408 440 4476 ἀστέρες
460 4409 595 4476 ὤφθησαν
613 4407 641 4458 ἐν
660 4405 753 4474 ἡμέρᾳ.
