3194 5074
332 437 378 505 18

326 643 521 726 tellegebat,
546 641 616 708 sive
640 643 724 722 quod
754 642 938 707 difficiliora
962 640 1111 707 versibus
1139 641 1290 721 persequi
1313 639 1451 703 nolebat

328 787 367 794 —
411 749 609 830 simpliciora
655 749 808 831 tradidit,
852 769 923 814 cum
970 747 1080 830 inepte
1128 745 1336 812 defectum
1381 763 1449 811 non

326 856 501 922 omitteret.

413 962 557 1028 Achilles
592 962 701 1028 mundi
737 963 875 1047 figuram
911 967 1035 1028 tractat
1069 981 1139 1042 cap.
1172 967 1201 1026 6.
1257 958 1448 1026 Manilianis

324 1069 444 1135 similia
468 1089 531 1135 non
555 1070 691 1153 profert,
716 1072 774 1136 sed
798 1090 868 1136 cum
888 1069 1052 1136 Ciceronis
1072 1068 1191 1150 verbis,
1217 1087 1300 1148 quae
1322 1067 1448 1150 pagina

323 1177 471 1258 proxima
490 1178 634 1259 laudavi,
655 1177 766 1243 confer
781 1179 877 1261 haec;
897 1178 955 1252 ,ἐπ’
973 1177 1103 1247 οὐδενὸς
1118 1177 1152 1240 δὲ
1168 1177 1265 1240 ἄλλον
1284 1177 1448 1258 σχήματος

323 1287 341 1366 ἡ
366 1284 491 1363 τοιαύτη
511 1285 635 1357 εὐταξία
661 1285 715 1347 καὶ
737 1283 898 1367 περιφορὰ
923 1285 1037 1366 γίνεται
1060 1287 1079 1366 ἢ
1105 1282 1156 1346 ἐπὶ
1178 1288 1233 1345 τοῦ
1253 1287 1447 1364 οφαιρικοῦ.ί

679 1487 708 1545 6.
757 1480 858 1563 Περὶ
881 1482 1110 1564 οἰκήσεων.Ι

537 1587 638 1670 (Man.
662 1589 688 1669 I,
715 1593 899 1664 236-246,
924 1587 1041 1652 Achill.
1067 1606 1136 1668 cap.
1163 1585 1230 1671 30.)

411 1713 605 1780 Posidonius
642 1717 797 1793 quattuor
838 1732 992 1778 zonarum
1034 1716 1290 1794 temperatorum
1331 1715 1445 1791 partes

321 1819 490 1886 habitatas
514 1840 586 1886 esse
612 1821 760 1902 docebat,
786 1820 923 1901 primam
952 1821 1008 1902 τὴν
1032 1821 1109 1884 καθ’
1133 1821 1219 1902 ἡμᾶς
1242 1819 1444 1899 οἰκουμένην,

321 1926 460 1991 alteram
496 1929 554 2010 τὴν
590 1933 655 1991 τῶν
689 1929 875 2010 περιοίκων,
913 1926 1046 1992 tertiam
1085 1926 1139 2009 τὴν
1173 1931 1239 1988 τῶν
1278 1925 1442 1996 ἀνιοίκων,

322 2039 474 2113 quartam
505 2035 560 2118 ιὴν
593 2041 658 2098 τῶν
691 2032 899 2099 emunctam.
955 2033 1108 2099 Manilius
1139 2071 1182 2079 —
1214 2036 1369 2111 quantum
1402 2049 1443 2094 ex

320 2160 374 2207 vv.
407 2146 581 2207 236—246
615 2141 724 2224 colligi
756 2146 867 2223 potest
890 2179 933 2186 -
956 2160 1020 2206 non
1057 2140 1121 2205 nisi
1155 2139 1236 2204 duas
1274 2137 1441 2221 cognovit:

323 2249 460 2313 alteram
484 2254 639 2330 nostram,
664 2249 803 2314 alteram
827 2247 1026 2330 antipodum.
1067 2247 1132 2313 Sed
1156 2247 1184 2312 si
1207 2247 1234 2328 I,
1255 2252 1317 2311 379
1341 2263 1442 2310 zonae

323 2354 478 2421 australis
502 2375 604 2438 regna
628 2359 857 2421 commemorat

489 2462 704 2543 ,Communem
728 2481 769 2528 ex
792 2482 855 2528 uno
878 2463 986 2528 lumen
1011 2459 1163 2527 ducentia
1187 2461 1275 2542 sole,‘

321 2585 382 2632 non
410 2564 532 2654 dubito,
558 2567 632 2648 quin
659 2569 788 2634 antoeci
817 2568 1031 2651 intellegendi
1056 2567 1131 2633 sint.
1179 2567 1242 2632 Cur
1265 2571 1364 2647 poeto
1387 2565 1442 2630 illo

321 2676 392 2739 loco
421 2675 629 2742 Posidonium
663 2696 754 2743 suum
770 2709 772 2715 v
788 2675 979 2757 deseruerit,
1008 2674 1131 2757 nescim
1166 2674 1223 2740 sed
1257 2673 1367 2739 dubito
1401 2692 1444 2737 an

322 2782 452 2848 aliunde
485 2785 570 2849 hanc
604 2784 785 2849 doctrinam
818 2801 985 2847 arcessere
1022 2801 1087 2846 nou
1120 2781 1274 2863 potuerit.
1328 2779 1443 2845 Potius

322 2907 448 2970 vereor,
473 2909 513 2954 ne
545 2894 663 2971 poetae
695 2895 753 2954 aut
782 2886 1024 2969 neglegentiam
1056 2892 1285 2974 auterrorem
1315 2887 1444 2953 obicere

323 2996 497 3060 debeamus
521 3033 564 3041 —
588 2994 650 3059 nisi
673 2994 758 3059 forte
781 3012 896 3060 versus
924 2993 971 3058 illi
995 2992 1134 3075 pessime
1159 2993 1334 3075 depravati
1357 2997 1443 3058 sunt.

414 3101 504 3184 Quae
524 3102 668 3166 Achilles
693 3121 764 3183 cap.
786 3108 826 3167 30
850 3107 975 3184 narrat,
1001 3101 1070 3168 sine
1096 3102 1190 3168 dubio
1215 3122 1256 3167 ex
1276 3102 1445 3168 Posidonii

322 3208 414 3274 libris
438 3209 611 3290 fluxerunt,
637 3210 694 3274 sed
718 3214 807 3275 totus
830 3209 883 3275 hic
906 3209 996 3275 locus
1021 3212 1210 3291 comprobat
1229 3229 1340 3275 verum
1362 3228 1444 3291 csse,

323 3316 408 3395 quod
425 3321 540 3380 auctor
561 3315 671 3380 ultimo
692 3315 800 3398 capite
820 3315 1004 3396 insequenti
1021 3316 1115 3381 dicit:
1135 3317 1215 3398 ,περὶ
1235 3317 1269 3380 δὲ
1285 3317 1444 3398 οἰκήσεων

321 3423 414 3485 πάλιν
433 3421 565 3484 καὶτῶν
584 3422 794 3486 ἐνοικούντων
813 3422 867 3484 καὶ
886 3423 1056 3504 ὀνομάτων
1075 3423 1184 3504 γέγονε
1202 3423 1301 3504 πολλὴ
1322 3422 1444 3504 ταραχὴ

322 3529 376 3592 καὶ
399 3528 471 3610 περὶ
494 3528 693 3610 ἄνιιχθόνων
717 3530 771 3591 καὶ
794 3530 992 3594 ἀνιιιιόὸων.ί

348 3731 375 3788 7.
421 3723 522 3806 Περὶ
545 3731 622 3788 τῶν
645 3728 1033 3808 κατηστερισμένων
1057 3726 1219 3800 ζωόίων
1242 3726 1308 3788 καὶ
1329 3726 1422 3806 περὶ

804 3833 959 3906 ἄξονος

358 3935 461 4019 (Man.
485 3938 510 4020 l,
536 3943 721 4021 255—538,
746 3938 863 4004 Achill.
889 3959 983 4021 capp.
1011 3944 1155 4020 10-143
1182 3946 1220 4004 a]
1247 3938 1316 4021 fin.;
1342 3938 1411 4024 28.)

414 4061 498 4144 Quid
522 4063 675 4129 Manilius
706 4085 726 4129 a
751 4064 923 4129 Posidonio
948 4063 1138 4146 sumpserit,
1163 4083 1263 4145 supra
1287 4062 1415 4128 ostendi
1426 4063 1445 4128 ¹.

325 4169 429 4233 Axem
454 4169 610 4234 describit
632 4170 808 4236 secundum
831 4172 968 4235 Aratum
978 4167 1000 4233 2.

351 4277 547 4361 -Ἷῶ,
568 4325 624 4376 cap.
646 4310 692 4376 13,
713 4310 838 4364 Cleomed
857 4326 882 4377 p.
902 4311 936 4362 22
955 4309 983 4362 Ζ.

415 4397 468 4464 ιἰν·
488 4399 504 4449 5
524 4414 579 4464 suu·

415 4487 425 4517 ³
444 4487 501 4541 Hoc
520 4488 658 4542 ostendam
677 4506 702 4555 p.
721 4491 755 4540 47
776 4505 813 4554 sq.
