3194 5074
246 666 371 731 Rursus
402 664 536 731 Manilio
575 667 688 732 eadem
721 665 846 748 ineptia
878 666 1049 732 obicienda
1082 672 1146 749 est,
1180 687 1276 747 quam

157 793 210 839 vv.
244 779 306 838 292
332 792 378 853 sq.
409 772 551 839 admisit.
606 773 678 839 illic
710 793 821 840 vocem
853 773 945 855 ,axis‘
979 774 1022 838 ad
1056 773 1276 856 ‚volitandum‘

158 877 222 962 (gr.
251 880 398 966 ἄγεσθαι)
431 880 570 963 rettulit,
605 880 658 946 hic
690 882 882 947 vocabulum
915 900 1066 963 graecum
1093 883 1228 964 ,ὁρίζων
1259 901 1279 946 a

156 986 261 1052 latino
287 986 378 1068 ,finis‘
405 986 503 1052 ducit.
925 973 926 979 ἵ

246 1093 312 1157 Eos
344 1110 469 1175 versus
504 1093 618 1173 quibus
650 1099 798 1160 veterum
827 1093 867 1158 de
900 1092 1025 1176 origine
1059 1092 1146 1159 orbis
1179 1094 1279 1160 lactei

157 1200 343 1265 sententiae
374 1205 613 1282 enumerantur,
646 1220 716 1265 cum
745 1199 882 1266 Achillis
913 1219 984 1281 cap.
1017 1204 1060 1264 24
1091 1220 1280 1282 comparare

157 1308 364 1389 supersedeo,
395 1326 465 1373 cum
492 1307 635 1373 Dielsius
662 1307 725 1372 Rh.
754 1308 838 1372 Mus
866 1307 1012 1371 XXXIV
1042 1327 1072 1389 p.
1097 1312 1162 1373 490
1197 1307 1280 1372 satis

157 1413 341 1479 ostenderit
363 1415 424 1479 has
447 1417 560 1496 partes
584 1413 757 1486 Posidonio
783 1413 973 1479 tribuendas
997 1433 1079 1480 esse.

520 1617 550 1675 9.
597 1611 692 1693 Περὶ
715 1611 924 1694 πλανήτων.

323 1716 424 1802 (Man.
450 1719 475 1798 l,
501 1724 688 1800 ouo-812,
712 1717 830 1783 Achill.
856 1737 926 1798 cap.
955 1717 1110 1803 15-17.)

249 1842 386 1908 Achillis
410 1848 509 1924 caput
534 1849 572 1907 16
599 1843 733 1908 eundem
760 1843 972 1924 sphaerarum
1002 1842 1147 1907 ordinem
1171 1844 1282 1923 habet,

160 1968 254 2029 quiem
306 1949 392 2031 apud
440 1948 611 2014 Geminum
660 1953 695 2013 et
743 1947 950 2013 Posidonium
999 1953 1132 2014 exstare
1184 1966 1284 2030 supra

160 2054 229 2121 dixi
252 2076 283 2138 p.
309 2063 339 2120 9.

519 2152 569 2210 10.
616 2146 711 2228 Περὶ
734 2146 923 2228 κομήτων.

384 2253 485 2339 (Man.
510 2255 535 2328 I,
561 2261 623 2320 813
649 2273 730 2336 sqq,
756 2253 872 2319 Achill.
899 2273 969 2335 cap.
996 2253 1064 2339 34.)

250 2379 300 2444 De
326 2383 521 2445 cometarum
547 2382 620 2443 ortu
644 2378 731 2461 apud
754 2384 885 2459 poetam
900 2383 978 2443 'tres
1003 2378 1188 2444 sententiae
1213 2399 1285 2460 pro-

160 2487 319 2568 feruntur,
344 2506 477 2566 quarum
510 2487 617 2551 altera
647 2492 681 2552 et
710 2485 813 2550 tertia
843 2485 991 2552 breviter
1018 2486 1285 2568 perstringuntur

161 2594 228 2680 (vu.
243 2597 443 2678 eor-875),
458 2593 562 2675 prima
574 2593 685 2658 multis
697 2593 807 2659 verbis
820 2597 984 2659 tractatur
997 2593 1066 2677 (vv.
1082 2599 1144 2658 817
1150 2594 1284 2678 —866).

159 2703 253 2767 Haec
282 2701 383 2785 igitur
411 2701 480 2766 sine
509 2699 605 2766 dubio
637 2721 678 2766 ex
703 2719 742 2766 ea
773 2699 850 2765 libri
879 2700 1006 2783 physici
1030 2706 1125 2782 parte
1155 2705 1285 2782 sumpta

123 2817 127 2824 '
160 2815 221 2892 est,
246 2828 310 2888 qua
341 2809 380 2891 is,
405 2808 459 2888 qui
484 2813 612 2874 ceteras
643 2807 811 2890 opiniones
843 2808 1033 2889 collegerat,
1059 2825 1148 2872 suam
1182 2807 1284 2889 ipsius

159 2915 291 2982 uberius
316 2917 510 2997 exponebat.
721 2925 722 2930 ’

250 3023 402 3088 Comatae
436 3023 609 3088 seeundum
644 3023 702 3086 hos
726 3041 840 3088 versus
872 3020 920 3086 ita
944 3021 1132 3104 gignuntur,
1157 3026 1194 3086 ut
1228 3028 1285 3086 adr

160 3128 238 3194 solis
252 3127 354 3194 radiis
370 3133 532 3192 torrescat
543 3135 577 3192 et
592 3127 700 3192 calore
718 3127 786 3193 eius
802 3127 909 3193 siccae
925 3132 1034 3192 terrae
1047 3126 1283 3210 exhalationes,

160 3242 331 3318 postquam
352 3235 499 3301 humidas
519 3239 768 3317 superaverunt,
787 3234 1019 3300 accendantur.
1061 3235 1132 3299 Non
1152 3253 1284 3316 prorsus

160 3345 244 3408 haec
276 3343 318 3408 ad
348 3341 514 3407 Posidonii
548 3341 729 3407 doctrinam
763 3341 935 3420 quadrant.
989 3340 1093 3406 Schol.
1124 3342 1218 3406 Arat.
1244 3342 1284 3405 ed

160 3451 293 3516 Bekker
323 3470 354 3516 v.
382 3455 480 3514 1091:
512 3452 541 3524 ,ὁ
575 3451 609 3513 δὲ
642 3449 857 3519 Ποσειδώνιος
889 3449 992 3530 ἀρχὴν
1016 3450 1165 3529 γενέσεως
1190 3451 1284 3530 ἴσχειν

160 3558 239 3642 φησὶ
257 3557 328 3628 τοὺς
345 3559 494 3640 κομήτας,
515 3558 588 3620 ὅταν
607 3582 634 3619 τι
651 3563 707 3620 τοῦ
727 3557 823 3639 ἀέρος
842 3557 1118 3638 παχυμερέστερον
1136 3556 1285 3638 ε’κθλιβὲν

159 3667 203 3735 εἰς
225 3665 280 3727 τὸν
303 3661 440 3747 αἰθέρα1
464 3671 502 3747 τῇ
525 3670 579 3726 τοῦ
603 3660 750 3746 αἰθέροςι
777 3663 845 3746 δίνῃ
870 3663 1005 3745 ἒνὸεθῇΙ
1051 3661 1174 3726 Tamen
1201 3661 1283 3726 satis

160 3772 264 3836 multa
287 3776 373 3852 sunt,
396 3789 478 3850 quae
502 3771 642 3851 probent
660 3770 885 3852 philosophum
909 3768 1004 3833 huius
1029 3787 1159 3848 quoque
1178 3769 1283 3849 partis

161 3882 328 3944 auctorem
353 3896 434 3942 esse.
490 3876 637 3942 Adiuvat
667 3894 725 3942 nos
750 3875 890 3957 Seneca,
916 3875 970 3954 qui
994 3874 1062 3940 eius
1087 3875 1282 3940 sententiam

160 3990 229 4052 nat.
255 3990 380 4065 quaest.
404 3985 477 4066 VH,
503 3991 544 4050 20
569 3988 602 4048 et
626 3990 666 4049 21
693 3983 836 4065 exponit,
866 3982 1077 4062 sequentibus
1101 3981 1280 4065 impugnat.

251 4093 375 4158 Seneca
399 4095 533 4158 auctore
553 4096 694 4157 cometes
715 4089 846 4173 ,ignium
865 4089 958 4154 modo
979 4089 1165 4154 alimentum
1191 4108 1280 4154 suum

160 4199 317 4281 sequitur‘
342 4199 456 4284 (21,2;
482 4199 589 4284 222).
638 4198 691 4263 Sic
714 4196 868 4262 Manilius
892 4216 922 4260 v.
948 4202 1026 4261 821ε

308 4309 407 4389 ,Apta
431 4305 587 4370 alimenta
611 4304 672 4370 sihi
697 4303 846 4369 dimissus
871 4303 1005 4384 corripit
1027 4302 1133 4385 ignis‘

159 4417 372 4425 ——-.————

252 4447 260 4477 ¹
279 4447 361 4501 Codd.
381 4446 458 4514 ἀέρας
478 4445 573 4512 αἰθέρα
591 4446 666 4498 Bake
685 4445 702 4497 l.
722 4444 739 4498 l.
759 4461 784 4511 p.
804 4445 846 4498 79.
