3194 5074
1235 451 1280 529 19

249 652 394 720 Achilles
434 674 526 737 capp.
563 663 691 723 10—14
730 660 898 726 stellarum
937 667 1096 746 naturam,
1133 664 1281 748 figuram,

159 757 280 824 similia
313 761 455 844 exponit,
488 761 674 830 inerrantes
710 786 775 831 non
815 773 993 834 enumerat.
1049 770 1099 834 De
1137 790 1199 837 axe
1231 773 1282 838 bis

159 863 317 945 loquitur:
346 886 417 948 cap.
442 873 481 933 21
507 868 561 933 lin.
586 875 620 934 et
644 889 714 952 cap.
742 878 793 938 28.
840 872 986 953 Uterque
1016 873 1105 940 locus
1137 877 1283 943 continet

158 971 280 1037 similia
303 972 361 1054 eis
386 992 470 1053 quac
494 975 649 1041 Geminus
673 996 743 1059 cap.
770 984 788 1043 3
816 978 905 1045 dicit.
953 981 1060 1062 Atque
1084 974 1303 1049 verbotenus'

158 1076 229 1143 fere
253 1086 434 1163 congruunt
458 1081 553 1148 hacc:

226 1185 401 1252 Achilles
424 1208 455 1269 p.
484 1193 545 1254 143
570 1190 624 1253 A.:
844 1193 988 1259 Gemin.
1012 1215 1043 1276 p.
1072 1201 1111 1261 13
1137 1197 1192 1262 E.:

204 1293 379 1376 Σχήματος
397 1298 500 1360 τοίνυν
522 1304 692 1380 σφοιρικοῦ
794 1299 856 1363 Τοῦ
867 1301 901 1364 δὲ
916 1302 1042 1384 κόσμου
1060 1305 1283 1386 σφαιροειδοῦς

157 1401 231 1483 περὶ
254 1401 308 1465 τὸν
330 1403 454 1486 κόσμον
478 1405 568 1474 ὄντος
590 1455 595 1466 .
622 1455 628 1467 .
654 1455 660 1469 .
686 1456 692 1467 ,
746 1406 943 1489 ὑπάρχοντος

158 1508 252 1572 ὁάπὸ
262 1516 315 1592 τῆς
324 1512 524 1593 περιφερείας
533 1519 588 1595 τῆς
597 1513 690 1594 ogoni-
747 1513 834 1584 ἄξων
876 1515 1013 1579 καλεῖται
1054 1519 1073 1599 ἡ
1113 1517 1282 1601 διάμετρος

157 1638 218 1696 ρας
236 1623 291 1679 τοῦ
310 1619 441 1701 κέντρου
459 1620 554 1700 αὐτῆς
570 1619 694 1701 διήκων
747 1625 802 1681 τοῦ
826 1620 964 1702 κόσμου,

158 1723 211 1785 ἐπὶ
255 1725 312 1807 τὴν
357 1727 557 1809 περιφέρειαν
605 1728 693 1800 ἄξων

157 1831 301 1904 καλεῖται,

156 1937 230 2020 περὶ
253 1940 290 2002 ὃν
312 1941 476 2022 στρέφεται
498 1942 518 2023 ἡ
542 1947 668 2023 σφαῖρα.
747 1941 817 2022 περὶ
847 1944 887 2023 ἣν
915 1943 1075 2024 στρέφεται
1105 1945 1123 2007 ὁ
1149 1946 1280 2029 κόσμος.

247 2045 299 2111 Εε
313 2046 489 2128 sententia,
506 2066 603 2127 quam
622 2047 759 2129 legimus
780 2046 866 2128 apud
885 2047 1051 2113 Manilium
1068 2068 1120 2116 vv.
1138 2057 1200 2116 292
1217 2071 1280 2132 sq:

533 2153 620 2235 ,quia
643 2159 763 2219 motum
788 2173 849 2219 non
874 2155 976 2219 habet
998 2156 1097 2221 ullum
1153 2167 1155 2170 ’

308 2262 384 2343 Ipse
407 2261 499 2328 videt
519 2261 607 2328 circa
631 2261 806 2329 volitantia
830 2266 946 2327 cuncta
965 2264 1110 2346 moveri',

156 2387 403 2450 supervacanea
427 2369 519 2435 nobis
538 2369 678 2451 videtur,
699 2389 770 2434 cum
792 2369 879 2434 idem
902 2369 1016 2451 paucis
1034 2371 1183 2438 versibus
1203 2379 1279 2439 ante

157 2475 278 2540 dictum
299 2476 352 2541 sit.
391 2476 455 2541 Cur
473 2474 628 2541 Manilius
651 2496 719 2542 rem
740 2478 832 2541 modo
853 2477 1056 2542 declaratam
1075 2479 1278 2563 repetiverit,

156 2583 341 2667 apparebit,
372 2581 428 2647 ubi
458 2581 596 2647 Achillis
628 2602 698 2663 cap.
731 2588 772 2646 28
801 2581 1051 2663 inspexerimus:
1082 2585 1279 2668 ,Ὠνόμσισται

156 2691 191 2756 δὲ
221 2693 311 2764 ἄξων
342 2691 393 2754 διὰ
424 2691 457 2755 τὸ
488 2691 560 2774 περὶ
592 2690 687 2755 αὐτὸν
721 2692 855 2773 ἄγεσθαι
887 2692 940 2755 καὶ
970 2694 1194 2774 περιδινεῖσθαι
1225 2696 1279 2760 τὸν

155 2799 314 2881 οὐρανόν.ί
354 2799 467 2863 Nonne
491 2797 759 2865 verisimillimum
785 2804 837 2864 est
859 2802 1001 2880 poetam,
1026 2805 1063 2863 ut
1087 2799 1158 2865 axis
1183 2801 1280 2884 signi-

154 2905 339 2970 ficationem
364 2913 551 2986 exponeret,
574 2905 657 2970 hanc
682 2904 911 2987 etymologiam
935 2904 1149 2971 aPosidonio
1173 2925 1277 2990 sump-

154 3013 237 3078 sisse
262 3017 295 3077 et
318 3013 420 3079 verba
444 3031 567 3093 graeca
591 3011 694 3077 libere
719 3012 939 3094 transtulisse,
964 3032 1035 3078 cum
1059 3032 1122 3078 non
1147 3022 1279 3082 curaret
1328 3063 1330 3070 r

152 3120 267 3202 lingua
290 3119 395 3184 latina
415 3118 564 3184 adhibila
588 3119 771 3184 sententiae
796 3139 951 3185 summam
976 3121 1168 3186 obscurari?
1205 3123 1277 3188 Hoc

151 3247 215 3293 uno
239 3228 333 3292 modo
361 3245 471 3293 versus
495 3225 568 3291 illos
592 3225 806 3307 interpretari
829 3246 971 3308 possum.
1014 3225 1086 3308 Qua
1112 3228 1152 3293 de
1176 3249 1275 3295 causa

151 3339 227 3416 post
272 3336 373 3400 verba
414 3333 485 3415 ,hoc
521 3332 633 3398 dixere
668 3336 772 3398 axem‘
811 3334 964 3416 graviore
1002 3353 1097 3413 quarn
1136 3336 1275 3402 Iacobus

152 3440 361 3506 distinctione
384 3444 468 3504 utor.
510 3440 600 3504 Pono
625 3439 752 3522 signum
775 3439 864 3523 illud,
886 3442 970 3520 quod
992 3440 1083 3505 colon
1107 3444 1276 3523 appellare

151 3547 384 3628 consuevimus,
402 3551 439 3611 ut
454 3545 574 3612 clarius
587 3553 748 3629 appareat
762 3547 911 3614 versibus
926 3548 1137 3628 sequentibus
1153 3568 1274 3633 eorum,

151 3674 235 3736 quae
260 3654 468 3736 antecedunt,
493 3673 623 3719 causam
650 3655 818 3720 contineri.
1234 3733 1244 3741 ὁ

241 3761 326 3826 Sane
354 3760 517 3826 mirabilia
546 3761 700 3827 Manilius
728 3781 782 3829 vv.
808 3767 872 3827 443
901 3782 970 3844 sqq.
996 3766 1030 3826 et
1054 3768 1118 3829 590
1147 3771 1271 3830 narrat.

150 3869 230 3953 Quis
266 3869 330 3935 tuit
367 3875 501 3952 praeter
536 3870 621 3935 hunc
658 3875 800 3952 politam,
838 3870 892 3950 qui
930 3870 1147 3937 antarcticum
1187 3873 1273 3940 sicut

149 3977 308 4043 arcticum
331 3978 449 4042 Arctos
477 3981 512 4042 et
535 3977 717 4042 Draconem
743 3977 913 4058 complecti
941 3979 1134 4058 putaverit?
1173 3980 1272 4046 Haud

148 4084 216 4150 scio
249 4104 291 4150 an
321 4085 391 4167 ipse
422 4088 521 4166 polita
552 4085 650 4149 talem
682 4084 856 4150 antarctici
889 4091 1038 4151 ornatum
1073 4092 1270 4153 commentus

148 4192 203 4274 sit,
236 4191 299 4256 nisi
331 4191 417 4257 torte
456 4191 592 4256 eundem
630 4191 660 4256 ei
698 4211 838 4256 errorem
876 4191 1041 4274 imponere
1078 4193 1173 4276 libet,
1208 4214 1270 4274 quo

147 4300 285 4363 Iacobus
317 4299 429 4380 lapsus
461 4295 540 4363 est¹.
597 4297 659 4380 Qui
692 4299 778 4380 apud
815 4298 976 4365 Achillem
1007 4319 1077 4381 cap.
1111 4305 1151 4365 25
1183 4300 1269 4366 idem

147 4411 360 4507 ‘'Tra—eu}
373 4441 406 4495 ue
425 4440 459 4493 n.
479 4441 589 4494 nanno
608 4445 696 4508 poeta,
716 4441 825 4495 cavean
845 4443 922 4508 mae,
941 4458 967 4509 p,
987 4443 1030 4495 ar.
