3194 5074
310 693 374 752 500
398 687 543 752 01111111
568 687 733 753 austrinus
767 738 774 752 .
800 739 806 752 .
834 740 839 752 .

310 801 371 859 591
390 793 453 858 Η10
463 813 588 875 quoque
597 795 773 860 brumalem
783 814 851 876 per·
942 800 981 858 19
1007 793 1040 857 C.
1065 795 1083 857 ὁ
1108 794 1143 857 δὲ
1161 795 1333 876 χειμερινὸς
1351 818 1426 875 τρο-

352 907 465 983 paries
489 900 630 981 quinque
654 901 818 984 relinquit,
895 900 988 971 πικός
1022 902 1139 971 κύκλος
1173 901 1235 963 ἀπὸ
1264 907 1319 964 τοῦ
1354 902 1425 963 ἀντ-

895 1014 1043 1089 αρκτικοῦ
1065 1009 1198 1089 ἀπέχων
1217 1007 1370 1089 ἕξηκοστὰ
1391 1009 1426 1070 ε’.

308 1113 354 1178 Et
367 1117 521 1193 quantum
536 1119 678 1180 anostro
696 1113 841 1180 sublimis
939 1115 1017 1178 ὁὸὲ
1046 1114 1253 1196 ἀνταρκτικὸς
1280 1115 1342 1178 ἀπὸ
1370 1121 1428 1178 τοῦ

353 1220 485 1285 cardine
508 1241 609 1304 gyrus
882 1222 996 1284 -πόλου
1020 1223 1153 1304 ἀπέχων
1176 1221 1331 1304 ἑξηκοστά
1356 1223 1389 1292 ς’.

308 1326 430 1407 Distat,
444 1329 485 1391 ab
498 1329 636 1394 adverso
650 1328 841 1394 tantundem

352 1437 517 1516 proximus
540 1435 599 1499 illi.

402 1542 583 1607 Praeterea
606 1541 773 1620 utriusque
799 1559 982 1606 communes
1010 1544 1086 1605 sunt
1113 1539 1146 1603 hi
1176 1539 1249 1621 loci,
1274 1559 1363 1621 quos,
1388 1560 1429 1605 11

306 1648 422 1730 longus
446 1648 515 1730 sim,
541 1648 725 1714 exscribere
750 1654 837 1713 totos
862 1647 1068 1729 supersedeo.

307 1756 357 1820 De
381 1755 504 1820 duobus
529 1754 658 1821 circulis
682 1755 809 1821 coluris.

396 1862 468 1927 Duo
488 1861 600 1927 circuli
619 1881 677 1943 per
696 1861 788 1942 polos
811 1860 971 1925 ducuntur
986 1859 1044 1944 (M.
1062 1861 1087 1942 l,
1105 1857 1186 1924 6031
1201 1889 1243 1914 =
1257 1861 1295 1926 G.
1315 1867 1354 1924 10
1371 1857 1428 1943 D.)

399 1972 433 2033 et
468 1967 651 2049 eclipticam
686 1967 720 2032 in
746 1952 906 2047 quattuor
941 1972 1054 2048 partes
1088 1968 1243 2047 aequales
1278 1966 1430 2033 dividunt

398 2075 456 2159 (11.
481 2075 506 2155 Ι,
533 2071 727 2138 111-1112
750 2101 793 2128 z
818 2073 857 2139 1.
885 2079 923 2138 11
948 2071 1013 2157 a).

308 2182 358 2246 De
382 2182 505 2247 duobus
529 2180 659 2246 circulis
683 2180 903 2246 mutabilibus.
1334 2238 1336 2240 ,

397 2289 506 2374 (11.1,
532 2283 855 2352 tal-633³=G.
882 2294 921 2353 21
947 2287 986 2351 Α.
1011 2293 1045 2352 11
1070 2293 1108 2351 21
1136 2286 1189 2371 Β.)
1242 2287 1338 2352 Alter
1370 2306 1430 2368 per

397 2394 488 2474 polos
526 2392 722 2458 describitur
760 2398 794 2458 et
831 2393 970 2458 medium
1009 2394 1132 2458 caelum
1170 2392 1347 2476 percurrit,
1387 2394 1429 2458 ad

400 2519 493 2580 quem
528 2500 679 2566 circulum
715 2500 769 2565 ubi
806 2502 854 2566 sol
891 2499 1056 2582 pervenit,
1090 2505 1185 2567 sexta
1224 2502 1303 2564 bora
1335 2499 1431 2564 adest

397 2607 454 2692 (M.
479 2608 505 2690 I,
532 2613 705 2673 633-636
730 2637 771 2662 --
797 2607 836 2673 G.
862 2614 901 2672 21
927 2605 991 2690 Β.).
1048 2607 1082 2672 si
1109 2607 1180 2686 quis
1205 2608 1247 2671 ad
1272 2606 1430 2672 orientem

402 2715 455 2781 vel
488 2714 530 2778 ad
555 2713 756 2780 occidentem
784 2713 1024 2796 progrediatur,
1050 2713 1133 2777 alius
1164 2712 1203 2777 lit
1232 2713 1432 2779 meridianus

398 2821 456 2906 (M.
486 2822 514 2904 I,
538 2827 726 2886 637-612
756 2849 797 2875 =
826 2819 865 2885 G.
892 2826 931 2884 21
958 2818 1017 2904 (i).
1081 2819 1270 2885 Horizontis
1311 2821 1431 2885 lineam

400 2928 501 2994 oculis
539 2928 766 3009 describimus
805 2946 875 2991 cum
910 2927 944 2991 id
986 2926 1306 3009 circumspectemus,
1347 2929 1434 3008 quod

401 3040 512 3100 terrae
537 3041 571 3100 et
594 3035 678 3100 caeli
702 3033 872 3098 confinium
896 3033 1028 3101 videtur
1054 3033 1162 3118 (11.1,
1188 3040 1361 3100 640-653
1386 3062 1431 3088 =

398 3143 437 3206 0.
459 3149 497 3208 21
520 3143 553 3207 C.
569 3144 697 3225 ,ὁρίζων
717 3141 902 3227 αἰσθητόςι).
925 3140 989 3207 Η11
1009 3161 1132 3222 quoque
1150 3141 1287 3207 circulus
1304 3141 1433 3206 mobilis

399 3255 450 3315 est
483 3249 541 3334 (M.
570 3250 596 3332 l,
627 3254 692 3314 654
721 3277 762 3303 =
791 3248 830 3315 G.
856 3255 897 3314 20
922 3248 983 3334 0.).
1044 3250 1192 3313 Mutatur
1229 3268 1290 3313 non
1328 3249 1432 3313 solum

398 3357 556 3424 adversus
588 3356 747 3422 orientem
778 3356 832 3421 vel
866 3356 1067 3421 occidentem
1098 3354 1183 3419 sicut
1219 3354 1431 3438 meridianus,

401 3621 601 3674 ι11111597
622 3621 721 3674 11598
740 3636 765 3674 v.
784 3638 809 3689 p.
829 3622 863 3674 50
883 3637 935 3688 sq.3
955 3621 1050 3674 devv.
1070 3621 1119 3672 601
1141 3627 1170 3673 et
1189 3622 1241 3672 602
1260 3637 1285 3674 v.
1305 3637 1330 3688 p.
1349 3621 1392 3674 20.

402 3709 471 3763 ²De
490 3727 533 3763 vv.
553 3711 694 3763 609-630
713 3727 738 3764 1.
756 3727 782 3778 p.
802 3712 837 3762 54
855 3726 912 3776 sqq.

401 3797 479 3851 3Η11
504 3797 625 3852 versibus
643 3797 783 3864 Manilius,
809 3815 870 3852 com
897 3798 1009 3852 tertium
1038 3797 1198 3852 circulorum
1223 3814 1309 3868 genus
1334 3800 1435 3854 ceteris

312 3887 429 3955 opponit,
458 3887 593 3940 contraria
620 3903 729 3955 prorsus
757 3886 922 3941 Geminiauis
950 3887 1032 3940 verba
1063 3885 1181 3951 adhibet,
1215 3887 1309 3952 quibus
1341 3893 1434 3943 tamen

311 3977 404 4030 eadem
432 3991 475 4028 res
501 3976 663 4030 declaratur.
708 3976 826 4030 Graecus
850 3980 945 4029 auctor
970 3976 1004 4028 ad
1030 3981 1131 4029 terram
1157 3975 1286 4030 caelestia
1311 3977 1435 4032 referens

311 4065 479 4119 horizontem
493 4064 619 4118 nimirum
638 4072 667 4120 11
680 4065 857 4118 meridianum
871 4065 946 4130 fixos,
962 4069 1066 4117 ceteros
1081 4064 1192 4118 mobiles
1212 4081 1270 4119 esse
1285 4066 1384 4121 statuit
1399 4099 1434 4107 -

313 4160 407 4208 contra
438 4157 520 4221 poeta
552 4155 655 4207 caelum
680 4154 724 4208 vel
753 4154 893 4208 stellarum
919 4153 1096 4207 inerrantium
1122 4154 1262 4222 sphaeram
1287 4155 1436 4223 respiciens

313 4242 466 4310 parallelos
478 4242 591 4308 coluroS,
603 4242 723 4310 obliquos
731 4242 856 4311 perhibet
864 4242 931 4295 fixos
946 4243 993 4310 (sc.
1004 4241 1032 4294 in
1046 4258 1170 4310 suprema
1181 4243 1314 4312 sphaera),
1330 4250 1437 4299 ceteros

313 4331 433 4386 mobiles.
