3194 5074
326 463 374 528 24

322 666 492 748 perspicue
513 665 716 746 explanetur,
737 662 883 730 breviter
903 682 959 727 eas
971 683 1025 727 res
1042 663 1248 744 complectar,
1270 661 1440 742 dequibus

321 779 356 838 et
378 772 532 837 Manilius
556 778 590 836 et
614 771 756 836 Achilles
780 770 902 852 dicunt,
928 775 1027 850 atque
1049 769 1109 851 ita,
1134 775 1171 834 ut
1193 769 1323 850 addam,
1346 788 1438 849 quem

321 881 424 945 locum
448 878 596 960 singulae
625 878 710 959 apud
734 882 905 956 utrumque
929 881 1093 942 auctorem
1118 875 1298 940 obtineant.

835 983 1037 1049 Manilius:
1152 982 1341 1048 Achilles:

347 1101 373 1159 l.
399 1092 598 1158 Prooemium
626 1144 809 1158 .....
830 1091 855 1172 Ι,
890 1096 1040 1155 66--117
1067 1110 1137 1172 cap.
1165 1097 1180 1155 1

344 1208 373 1265 2.
398 1199 479 1281 Περὶ
523 1207 578 1282 τῆς
623 1205 687 1262 τῶν
729 1199 814 1261 ὅλων

398 1308 498 1389 ἀρχῆς
534 1357 808 1371 .......
868 1308 1040 1369 rna-146

343 1419 372 1477 3.
397 1413 479 1494 Περὶ
494 1421 549 1495 τῆς
561 1413 739 1481 συστάσεως
750 1417 815 1474 τῶν

399 1520 484 1583 ὅλων
535 1571 764 1585 ......
766 1572 808 1599 ,.
868 1522 1038 1582 147-167

342 1630 373 1690 4.
399 1625 440 1688 Εἰ
460 1628 717 1708 ἕστηκενὴγῆ,
756 1679 762 1690 .
801 1679 807 1690 .
868 1630 1039 1690 168—201

345 1737 373 1796 5.
399 1732 478 1813 Περὶ
497 1734 657 1815 σχήματος
681 1740 763 1815 γῆς.
802 1786 808 1798 .
867 1738 1039 1796 roa-235

345 1846 373 1903 6.
398 1839 481 1921 Περὶ
504 1842 659 1922 οἰκήσεων
715 1893 720 1904 .
759 1893 764 1904 .
803 1893 809 1904 .
866 1843 1040 1905 ras—246

346 1952 374 2010 7.
398 1946 479 2028 Περὶ
494 1953 557 2009 τῶν
575 1949 814 2029 κατηστερισμέ-

399 2077 467 2116 ruer
499 2055 629 2127 ζωόίων
661 2054 715 2116 καὶ
746 2054 816 2135 περὶ

399 2161 516 2232 ἄξονος
535 2213 808 2225 .......
865 2164 1040 2224 255-538
1166 2165 1445 2244 10-14321328

345 2273 375 2329 8.
400 2266 481 2346 Περὶ
499 2273 563 2330 τῶν
588 2269 621 2329 ἓν
639 2275 676 2350 τῇ
698 2269 818 2348 σφαίρᾳ

400 2374 529 2436 κύκλων
582 2427 587 2439 .
627 2428 632 2439 .
670 2427 676 2439 .
715 2427 720 2439 .
759 2428 764 2438 .
804 2427 809 2440 .
867 2377 1042 2438 561-804
1166 2381 1294 2440 22-27
1338 2447 1341 2455 ¹

347 2487 376 2544 9.
401 2480 480 2562 Περὶ
502 2481 670 2563 πλανήτων
717 2533 722 2546 .
761 2534 767 2546 .
806 2534 811 2546 .
868 2485 1042 2544 805—812
1171 2486 1295 2545 15--17

327 2594 376 2651 10.
401 2587 483 2670 Περὶ
506 2590 660 2670 κομήτων
716 2641 721 2653 .
760 2642 765 2653 .
804 2641 807 2650 ,
867 2593 930 2651 813
956 2605 1025 2666 sqq.
1168 2591 1219 2651 34.

413 2696 562 2776 Apparet
594 2694 762 2773 utriusque
795 2693 870 2759 libri
907 2694 1052 2758 ordinem
1083 2692 1154 2759 fere
1188 2694 1322 2759 cundem
1350 2715 1445 2779 -esse3

324 2801 468 2867 nonnisi
488 2803 611 2868 dnobus
631 2803 698 2887 (vel
711 2801 856 2887 tribusi)
876 2801 957 2867 locis
978 2800 1122 2866 Achilles
1139 2822 1159 2866 a
1177 2807 1276 2883 poeta
1296 2802 1446 2869 discedit.

325 2907 397 2990 Qua
421 2929 461 2974 ex
487 2929 522 2974 re
552 2908 804 2974 concludendum
829 2912 881 2973 est
904 2911 938 2972 ct
957 2907 1126 2972 Manilium
1151 2913 1184 2973 et
1205 2909 1344 2975 Achillei
1371 2910 1448 2975 libri

325 3015 460 3096 primum
492 3022 658 3082 auctorem
687 3035 741 3081 res
764 3016 839 3081 illas
868 3015 900 3080 in
933 3034 995 3080 uno
1020 3021 1118 3095 atque
1143 3016 1253 3081 eodem
1278 3016 1447 3083 Posidonii

325 3123 408 3187 libro
445 3123 556 3187 eodem
593 3122 706 3188 ordine
744 3127 908 3187 tractatas
948 3121 1121 3188 invenisse.
1181 3123 1231 3187 De
1266 3143 1327 3203 quo
1363 3124 1447 3190 libro

327 3234 458 3312 agatur,
496 3249 558 3294 non
593 3229 725 3294 difficile
762 3231 814 3294 est
853 3229 952 3294 dictu.
1005 3230 1088 3294 Nam
1125 3229 1243 3294 seimus
1279 3230 1447 3296 Manilium
1575 3255 1576 3296 1

327 3336 432 3401 tribus
456 3329 618 3418 capitibus
635 3336 751 3423 (7-9)
772 3356 843 3402 eum
868 3335 1066 3418 adhibuisse,
1088 3335 1141 3416 qui
1167 3337 1246 3419 ,περὶ
1264 3339 1445 3421 peremptum

327 3443 504 3525 inscriptus
528 3450 610 3509 erat.

416 3551 587 3617 Accedunt
610 3551 684 3624 alia,
710 3550 825 3630 quibus
848 3553 930 3616 baec
955 3551 1142 3617 coniectura
1165 3550 1321 3617 firmetur.
1361 3553 1447 3618 Loco

327 3658 395 3740 illo,
420 3677 512 3738 quem
534 3658 718 3739 Simplicius
742 3678 782 3723 ex
801 3658 1015 3724 Genrinianae
1040 3659 1197 3740 epitomes
1216 3663 1311 3739 parte
1331 3659 1449 3726 amissa

330 3765 504 3847 excerpsit,
528 3765 721 3830 Posidonius
750 3766 846 3831 docet
869 3765 1104 3848 physiologiam
1133 3767 1175 3830 ab
1200 3766 1379 3849 astrologia
1402 3767 1449 3832 ita

331 3872 471 3951 differre,
496 3877 533 3937 ut
563 3872 622 3937 illa
655 3872 834 3955 materiem,
861 3873 1017 3955 originem
1051 3879 1222 3955 astrorum,
1253 3873 1372 3938 similia
1404 3874 1448 3939 in·

332 3980 442 4062 deget,
458 3980 540 4045 baec
554 3979 587 4044 in
603 3985 708 4044 motus
724 3998 833 4044 eorum
853 3983 888 4044 et
907 3979 1083 4044 distantias
1103 3985 1137 4044 et
1155 3979 1275 4045 formas
1293 3980 1448 4064 inquirat,

332 4086 431 4151 nihilo
456 4086 559 4152 minus
583 4088 670 4152 haud
693 4106 767 4152 raro
791 4085 824 4150 in
849 4086 963 4151 eadem
988 4106 1023 4151 re
1047 4091 1219 4166 utramque
1248 4092 1352 4152 artem
1381 4109 1451 4170 pro·

332 4194 498 4258 ferendam
535 4213 615 4259 esse.
681 4193 776 4258 Hanc
811 4193 1007 4258 sententiam
1050 4214 1070 4258 a
1112 4193 1301 4275 philosopho
1344 4195 1451 4277 operis

333 4301 574 4383 meteorologici
598 4300 870 4394 initioqseriptam
896 4319 966 4364 esse
999 4306 1032 4364 et
1060 4321 1119 4381 per
1143 4320 1177 4366 se
1201 4301 1378 4367 verisimile
1403 4309 1453 4368 est

335 4413 369 4472 et
401 4427 437 4472 eo
470 4409 636 4488 probatur,
672 4408 755 4486 quod
779 4407 923 4471 Achilles
957 4427 1026 4472 eam
1061 4414 1175 4489 capt
1211 4408 1290 4492 (Τίνι
1315 4410 1453 4492 διαφέρει

333 4516 541 4598 μαθηματικὴ
567 4514 802 4596 φυσιολογίσς;)
828 4513 973 4579 breviter
996 4514 1113 4580 reddit.
