3194 5074
324 465 371 532 14

409 671 553 737 Achilles
586 690 712 752 quoque
746 691 816 752 cap.
851 677 869 736 3
907 669 1023 752 refert,
1063 669 1140 751 quid
1176 669 1360 752 philosophi
1397 670 1438 734 de

320 778 432 844 mundi
479 778 604 861 origine
649 776 877 844 iudicaverint.
905 862 907 866 .
937 778 1046 857 Atque
1092 777 1245 858 ZenoniS,
1292 776 1437 859 Epicuri,

321 885 519 968 Aristotelis,
545 885 690 952 Socratis
713 883 934 965 Platonisque,
958 883 1167 966 Empedoclis
1191 884 1372 952 sententias
1397 902 1437 948 ex

320 992 491 1058 Plutarchi
523 992 689 1074 personati
721 991 921 1057 Placitorum
957 991 1096 1073 epitome
1133 990 1257 1073 hausit,
1289 990 1438 1056 Thaletis

321 1099 585 1182 Pherecydisque
624 1099 759 1164 Hesiodi
801 1097 964 1164 Heracliti
1004 1097 1173 1179 opiniones
1213 1097 1354 1163 fortasse
1397 1116 1436 1162 ex

321 1205 445 1272 Eudori
480 1205 561 1272 libro
600 1204 757 1271 codidie.
813 1203 945 1270 Ordinis
977 1204 1136 1270 rationem
1169 1224 1231 1270 non
1265 1203 1435 1287 perspicio.

322 1313 466 1379 Achilles
502 1332 606 1393 neque
644 1312 819 1378 secundum
859 1317 1002 1378 aetatem
1045 1313 1189 1396 singulos
1230 1312 1437 1394 philosophos

323 1426 502 1503 enumerat,
526 1421 611 1499 quod
638 1420 835 1485 Plutarchus
865 1425 1060 1501 personatus
1089 1419 1179 1501 fecit,
1204 1439 1308 1500 neque
1333 1419 1439 1501 singu·

322 1528 425 1592 lorum
465 1527 658 1608 placitorum
703 1527 884 1593 sententias
929 1527 1015 1594 siout
1056 1526 1209 1592 Manilius
1254 1525 1437 1608 respexisse

322 1634 462 1702 videtur.

411 1739 560 1806 Achillea
583 1740 685 1824 igitur
709 1741 810 1807 series
834 1761 854 1806 a
873 1741 1045 1807 Posidonio
1065 1741 1165 1806 ducta
1189 1740 1438 1823 honestando

322 1847 502 1913 Maniliana
532 1848 729 1929 provenerit,
763 1849 867 1913 adhuc
895 1848 1065 1913 nescimus.
1119 1848 1184 1913 Sed
1215 1847 1242 1914 si
1274 1866 1323 1928 ea,
1356 1867 1438 1926 quae

323 1961 488 2036 secuntur,
521 1955 710 2037 philosopho
745 1956 890 2020 tribuere
923 1973 1105 2037 possumus
1140 1956 1179 2019 111
1211 1954 1261 2020 his
1292 1954 1439 2020 versibus

323 2082 386 2127 non
423 2061 652 2127 dubitabimus.
715 2062 851 2127 Constat
886 2081 1007 2127 morem
1043 2061 1210 2126 Posidonii
1246 2060 1356 2142 fuisse,
1392 2064 1438 2140 ut,

324 2174 496 2248 antequam
541 2187 599 2232 sua
645 2168 822 2249 proferret,
865 2173 1011 2234 veterum
1058 2168 1240 2233 sententias
1286 2168 1440 2233 collectas

323 2272 555 2341 enumeraret2.

519 2478 548 2536 3.
601 2472 693 2551 Περὶ
715 2477 778 2553 τῆς
802 2470 1014 2540 συστάσεως
1038 2476 1110 2533 τῶν
1134 2471 1243 2537 ὅλων.

559 2580 660 2662 (Man.
678 2578 703 2658 I,
726 2582 909 2658 147-167,
930 2577 1046 2642 Aclrill.
1067 2598 1137 2659 cap.
1158 2578 1203 2662 4.)

412 2702 565 2768 Manilius
589 2723 639 2784 ea,
660 2722 743 2782 quae
763 2702 866 2767 Stoici
890 2703 930 2767 de
955 2703 1067 2768 ordine
1082 2712 1116 2768 et
1135 2703 1266 2768 sedibus
1285 2707 1440 2783 quattuor

323 2811 554 2875 elementorum
579 2810 766 2891 docuerunt,
792 2809 965 2874 secundum
984 2810 1192 2875 Posidonium
1216 2810 1328 2874 tradit.
1363 2811 1441 2874 Con·

322 2915 458 2981 ferenda
472 2922 557 2997 sunt,
573 2935 655 2995 quae
672 2915 769 2980 Arius
789 2935 828 2980 111
848 2916 954 2996 aliquo
971 2916 1154 2999 philosophi
1172 2917 1255 2981 libro
1275 2917 1441 2998 excerpsit

323 3021 427 3106 (Stob.
453 3025 511 3087 ecl.
528 3023 554 3103 I,
577 3028 637 3086 185
659 3020 760 3106 W.)³:
787 3023 859 3103 ,Τὸν
881 3025 941 3105 μὲν
965 3024 1023 3088 οὗν
1047 3025 1125 3088 κατὰ
1148 3024 1205 3107 τὴν
1229 3024 1441 3106 διακόσμησιν

321 3130 491 3212 λεγόμενον
521 3130 644 3211 κόσμον
672 3131 714 3199 είς
740 3131 854 3200 ταύτας
878 3131 1094 3213 διακεκρίσθαι
1121 3132 1175 3201 τὰς
1198 3132 1307 3213 φύσεις
1324 3151 1330 3163 ·
1345 3131 1380 3193 τὸ
1405 3131 1440 3194 δὲ

321 3238 572 3319 περιφερόμενον
599 3238 686 3318 αὐτῷ
713 3238 888 3318 ἐγκυκλίως
916 3240 1029 3318 αἰθέρα
1053 3238 1130 3300 εἶναι
1155 3236 1211 3318 (z
1234 3257 1265 3304 v.
1294 3236 1381 3321 149),
1406 3239 1440 3299 ἕν

248 3413 249 3416 ¹
322 3343 351 3426 ᾤ
373 3345 410 3406 τὰ
434 3345 534 3426 δίστρα
559 3345 745 3425 καθίδρυται
763 3343 819 3428 (=
839 3364 869 3409 v.
893 3342 969 3427 1511)
991 3343 1144 3407 ...Ὑπὸ
1168 3343 1203 3406 δὲ
1226 3343 1282 3426 τὴν
1306 3345 1440 3426 σελήνην

321 3452 378 3534 τὴν
407 3458 462 3514 τοῦ
494 3451 547 3514 ὑπ’
577 3453 671 3514 αὐτοῦ
702 3454 885 3534 φερομένου
914 3452 1009 3531 ἀέρος
1037 3448 1092 3533 (=
1118 3470 1148 3516 v.
1177 3449 1264 3533 152),
1295 3449 1357 3512 εἶτα
1385 3451 1441 3532 τὴν

321 3558 411 3641 [τοῦ]
454 3560 570 3627 ὕδατος
611 3558 667 3641 (z
706 3578 735 3624 v.
777 3561 864 3642 155),
902 3558 1075 3620 τελευταίαν
1116 3557 1150 3620 δὲ
1191 3557 1247 3639 τὴν
1287 3565 1342 3639 τῆς
1382 3564 1440 3638 γῆς

324 3664 381 3749 (=
406 3684 436 3731 V.
464 3664 539 3748 159)
568 3666 638 3745 περὶ
661 3665 695 3728 τὸ
725 3667 825 3747 μέσον
856 3671 988 3747 σημεῖον
1016 3671 1071 3727 τοῦ
1095 3663 1220 3746 κόσμου
1244 3666 1397 3746 κειμένης,
1422 3667 1441 3726 ὃ

322 3773 361 3854 δι)
385 3779 441 3835 τοῦ
465 3773 582 3842 παντός
606 3774 669 3835 ἐστι
692 3775 781 3835 κάτω
807 3772 863 3857 (=
883 3791 913 3837 v.
937 3771 1024 3856 167).
1050 3809 1092 3816 -
1117 3771 1162 3852 (p.
1185 3775 1247 3835 184
1268 3771 1349 3855 W.):
1376 3770 1440 3853 Τῆς

322 3879 383 3961 γὰρ
406 3886 462 3962 γῆς
485 3880 600 3962 ἐξοχάς
622 3903 705 3949 τινας
728 3880 865 3962 ἐχούσης
888 3879 1081 3961 ἀνωμάλους
1105 3877 1155 3940 διὰ
1179 3885 1235 3941 τοῦ
1259 3878 1374 3946 ὕδατος
1397 3879 1440 3947 εἰς

321 3988 407 4067 θηιος
430 3987 623 4069 ἀνηκούσας,
643 3988 757 4057 ταύτας
782 3987 821 4069 δι)
846 3987 963 4069 νήσους
985 3985 1170 4048 καλεῖσθαι·
1189 3985 1312 4048 τούτων
1330 3985 1364 4046 δὲ
1384 3985 1440 4054 τὰς

323 4093 372 4155 ἐπὶ
403 4095 509 4157 πλεῖον
537 4094 711 4176 διηκούσας
738 4095 889 4176 ἠπείρους
915 4093 1194 4175 προσηγορεῦσθαι
1224 4093 1278 4154 ὑπ’
1311 4092 1441 4172 ἀγνοίας

322 4212 593 4305 *ofili-eisdem
612 4268 638 4319 p.
657 4253 699 4305 22.

409 4341 420 4370 ‘²
438 4341 513 4394 Diels
531 4341 582 4394 Rh.
601 4341 669 4393 Mus.
689 4340 813 4404 XXXIV,
833 4356 858 4407 p.
877 4341 938 4392 489.

411 4428 421 4458 ³
439 4429 514 4482 Diels
533 4430 591 4482 dcx.
611 4446 637 4496 p.
657 4431 699 4480 77.
